date,industry,subindustry,type_of_product,generic_product_type,product,price_sar,company,source,url,unit_of_measurement,total_quantity,volume_liters,price_per_liter
9/14/2025,Home,Home,H1-All purpose cleaner,General purpose cleaner,"Clorox Scentiva Spray, Multi-Surface Cleaner 500ml, Japanese Spring Flowers, No Bleach, Kills 99.9% of Viruses & Bacteria",18.45,Clorox,amazon,https://www.amazon.sa/-/en/Clorox-Scentiva-Multi-Surface-Japanese-Bacteria/dp/B09FKCQQR4/ref=sr_1_6?dib=eyJ2IjoiMSJ9.YTNLewEmxqtVumFxY0GHY3scF3ZAOJAGp9K5TgyEDgXxXoAciLZSR1o6_MQyPjJjQEJF53tl9tvEFypFd5MXEX26LEqqQKdjv7Pw8VaIdKJvMUj1aumT7nx6-6GUr6cPcWcFA8gKPKpJjd7s7BKLT_O8oTtnIBGeemLSAuepqaU5JNtLrYu4hw2lcXAoAgxqu5uk9_T2sQBvge7H62CgTBU4yhAmIk4d5CparhvRXG1CXijjhAhfg7j7SMmw-hzr-_GR9LXZ6mCuI7G_BvG7DxNbJ20kYzWRZUGgG0I4gEA.g3OH1ZQHrQ2P8sWIzNpQsCzBjNdsKLkRr5Y_x3kY8Ls&dib_tag=se&keywords=all+purpose+cleaner&qid=1757858741&sr=8-6,ml,500.0,0.5,36.9
9/14/2025,Home,Home,H1-All purpose cleaner,General purpose cleaner,"Clorox Multi-Purpose Cleaner Spray with Bleach, 750ml, Kills 99.9% of Germs, 10X Stronger in Stain Removal",20.95,Clorox,amazon,https://www.amazon.sa/-/en/Clorox-Multi-Purpose-Cleaner-Stronger-Removal/dp/B07P8B1FV4/ref=sr_1_7?dib=eyJ2IjoiMSJ9.YTNLewEmxqtVumFxY0GHY3scF3ZAOJAGp9K5TgyEDgXxXoAciLZSR1o6_MQyPjJjQEJF53tl9tvEFypFd5MXEX26LEqqQKdjv7Pw8VaIdKJvMUj1aumT7nx6-6GUr6cPcWcFA8gKPKpJjd7s7BKLT_O8oTtnIBGeemLSAuepqaU5JNtLrYu4hw2lcXAoAgxqu5uk9_T2sQBvge7H62CgTBU4yhAmIk4d5CparhvRXG1CXijjhAhfg7j7SMmw-hzr-_GR9LXZ6mCuI7G_BvG7DxNbJ20kYzWRZUGgG0I4gEA.g3OH1ZQHrQ2P8sWIzNpQsCzBjNdsKLkRr5Y_x3kY8Ls&dib_tag=se&keywords=all+purpose+cleaner&qid=1757858741&sr=8-7,ml,750.0,0.75,27.933333333333334
9/14/2025,Home,Home,H1-All purpose cleaner,General purpose cleaner,"Dettol Lemon Healthy Home All Purpose Cleaner Trigger 500ml, Packaging may vary",18.99,Dettol,amazon,https://www.amazon.sa/-/en/Dettol-Healthy-Purpose-Cleaner-Packaging/dp/B07MTL9D6V/ref=sr_1_8?dib=eyJ2IjoiMSJ9.YTNLewEmxqtVumFxY0GHY3scF3ZAOJAGp9K5TgyEDgXxXoAciLZSR1o6_MQyPjJjQEJF53tl9tvEFypFd5MXEX26LEqqQKdjv7Pw8VaIdKJvMUj1aumT7nx6-6GUr6cPcWcFA8gKPKpJjd7s7BKLT_O8oTtnIBGeemLSAuepqaU5JNtLrYu4hw2lcXAoAgxqu5uk9_T2sQBvge7H62CgTBU4yhAmIk4d5CparhvRXG1CXijjhAhfg7j7SMmw-hzr-_GR9LXZ6mCuI7G_BvG7DxNbJ20kYzWRZUGgG0I4gEA.g3OH1ZQHrQ2P8sWIzNpQsCzBjNdsKLkRr5Y_x3kY8Ls&dib_tag=se&keywords=all+purpose+cleaner&qid=1757858741&sr=8-8,ml,500.0,0.5,37.98
9/14/2025,Home,Home,H1-All purpose cleaner,General purpose cleaner,Mr. Muscle All Purpose Surface Cleaner Spray - Advanced Grime-Fighting Formula - Extra-Strength Kills 99.9% of Household Germs & Eliminates Soap Scum - Citrus Lime Scent - 500ml,15.95,Mr Muscle,amazon,https://www.amazon.sa/-/en/Muscle-Purpose-Surface-Cleaner-Spray/dp/B07Q1NSKW3/ref=sr_1_9?dib=eyJ2IjoiMSJ9.YTNLewEmxqtVumFxY0GHY3scF3ZAOJAGp9K5TgyEDgXxXoAciLZSR1o6_MQyPjJjQEJF53tl9tvEFypFd5MXEX26LEqqQKdjv7Pw8VaIdKJvMUj1aumT7nx6-6GUr6cPcWcFA8gKPKpJjd7s7BKLT_O8oTtnIBGeemLSAuepqaU5JNtLrYu4hw2lcXAoAgxqu5uk9_T2sQBvge7H62CgTBU4yhAmIk4d5CparhvRXG1CXijjhAhfg7j7SMmw-hzr-_GR9LXZ6mCuI7G_BvG7DxNbJ20kYzWRZUGgG0I4gEA.g3OH1ZQHrQ2P8sWIzNpQsCzBjNdsKLkRr5Y_x3kY8Ls&dib_tag=se&keywords=all+purpose+cleaner&qid=1757858741&sr=8-9,ml,500.0,0.5,31.9
9/14/2025,Home,Home,H1-All purpose cleaner,General purpose cleaner,Clorox 409 All Purpose Cleaner Spray 750 ml,18.0,Clorox,amazon,https://www.amazon.sa/-/en/Clorox-409-Purpose-Cleaner-Spray/dp/B0C7WRWGKR/ref=sr_1_10?dib=eyJ2IjoiMSJ9.YTNLewEmxqtVumFxY0GHY3scF3ZAOJAGp9K5TgyEDgXxXoAciLZSR1o6_MQyPjJjQEJF53tl9tvEFypFd5MXEX26LEqqQKdjv7Pw8VaIdKJvMUj1aumT7nx6-6GUr6cPcWcFA8gKPKpJjd7s7BKLT_O8oTtnIBGeemLSAuepqaU5JNtLrYu4hw2lcXAoAgxqu5uk9_T2sQBvge7H62CgTBU4yhAmIk4d5CparhvRXG1CXijjhAhfg7j7SMmw-hzr-_GR9LXZ6mCuI7G_BvG7DxNbJ20kYzWRZUGgG0I4gEA.g3OH1ZQHrQ2P8sWIzNpQsCzBjNdsKLkRr5Y_x3kY8Ls&dib_tag=se&keywords=all+purpose+cleaner&qid=1757858741&sr=8-10,ml,750.0,0.75,24.0
9/14/2025,Home,Home,H1-All purpose cleaner,General purpose cleaner,"Zoflora Multipurpose Cleaner, Linen Fresh 800ml, Kitchen and Bathroom Cleaner Disinfectant Spray, Surface and Floor Cleaner, Antibacterial, Eliminates Unpleasant Odours",24.75,Zoflora,amazon,https://www.amazon.sa/-/en/Zoflora-Multipurpose-Disinfectant-Antibacterial-Eliminates/dp/B0CWLK8GZV/ref=sr_1_12?dib=eyJ2IjoiMSJ9.YTNLewEmxqtVumFxY0GHY3scF3ZAOJAGp9K5TgyEDgXxXoAciLZSR1o6_MQyPjJjQEJF53tl9tvEFypFd5MXEX26LEqqQKdjv7Pw8VaIdKJvMUj1aumT7nx6-6GUr6cPcWcFA8gKPKpJjd7s7BKLT_O8oTtnIBGeemLSAuepqaU5JNtLrYu4hw2lcXAoAgxqu5uk9_T2sQBvge7H62CgTBU4yhAmIk4d5CparhvRXG1CXijjhAhfg7j7SMmw-hzr-_GR9LXZ6mCuI7G_BvG7DxNbJ20kYzWRZUGgG0I4gEA.g3OH1ZQHrQ2P8sWIzNpQsCzBjNdsKLkRr5Y_x3kY8Ls&dib_tag=se&keywords=all+purpose+cleaner&qid=1757858741&sr=8-12,ml,800.0,0.8,30.9375
9/14/2025,Home,Home,H1-All purpose cleaner,General purpose cleaner,Dettol Surface Cleanser Spray 500 ml,13.95,Dettol,amazon,https://www.amazon.sa/-/en/Dettol-Surface-Cleanser-Spray-500/dp/B000NJSXBQ/ref=sr_1_13?dib=eyJ2IjoiMSJ9.YTNLewEmxqtVumFxY0GHY3scF3ZAOJAGp9K5TgyEDgXxXoAciLZSR1o6_MQyPjJjQEJF53tl9tvEFypFd5MXEX26LEqqQKdjv7Pw8VaIdKJvMUj1aumT7nx6-6GUr6cPcWcFA8gKPKpJjd7s7BKLT_O8oTtnIBGeemLSAuepqaU5JNtLrYu4hw2lcXAoAgxqu5uk9_T2sQBvge7H62CgTBU4yhAmIk4d5CparhvRXG1CXijjhAhfg7j7SMmw-hzr-_GR9LXZ6mCuI7G_BvG7DxNbJ20kYzWRZUGgG0I4gEA.g3OH1ZQHrQ2P8sWIzNpQsCzBjNdsKLkRr5Y_x3kY8Ls&dib_tag=se&keywords=all+purpose+cleaner&qid=1757858741&sr=8-13,ml,500.0,0.5,27.9
9/14/2025,Home,Home,H1-All purpose cleaner,General purpose cleaner,"Clorox Scentiva Spray, Multi Surface Cleaner 500ml, Madagascar Citrus Orchard, No Bleach, Kills 99.9% of Viruses & Bacteria",18.45,Clorox,amazon,https://www.amazon.sa/-/en/Clorox-Scentiva-Surface-Madagascar-Bacteria/dp/B09FKCYRJ6/ref=sr_1_14?dib=eyJ2IjoiMSJ9.YTNLewEmxqtVumFxY0GHY3scF3ZAOJAGp9K5TgyEDgXxXoAciLZSR1o6_MQyPjJjQEJF53tl9tvEFypFd5MXEX26LEqqQKdjv7Pw8VaIdKJvMUj1aumT7nx6-6GUr6cPcWcFA8gKPKpJjd7s7BKLT_O8oTtnIBGeemLSAuepqaU5JNtLrYu4hw2lcXAoAgxqu5uk9_T2sQBvge7H62CgTBU4yhAmIk4d5CparhvRXG1CXijjhAhfg7j7SMmw-hzr-_GR9LXZ6mCuI7G_BvG7DxNbJ20kYzWRZUGgG0I4gEA.g3OH1ZQHrQ2P8sWIzNpQsCzBjNdsKLkRr5Y_x3kY8Ls&dib_tag=se&keywords=all+purpose+cleaner&qid=1757858741&sr=8-14,ml,500.0,0.5,36.9
9/14/2025,Home,Home,H1-All purpose cleaner,General purpose cleaner,Mrs Meyer's 16OZ Lemon All Purpose Cleaner,50.0,Mrs. MEYER'S,amazon,https://www.amazon.sa/-/en/Meyers-16OZ-Lemon-Purpose-Cleaner/dp/B000S5VEA2/ref=sr_1_15?dib=eyJ2IjoiMSJ9.YTNLewEmxqtVumFxY0GHY3scF3ZAOJAGp9K5TgyEDgXxXoAciLZSR1o6_MQyPjJjQEJF53tl9tvEFypFd5MXEX26LEqqQKdjv7Pw8VaIdKJvMUj1aumT7nx6-6GUr6cPcWcFA8gKPKpJjd7s7BKLT_O8oTtnIBGeemLSAuepqaU5JNtLrYu4hw2lcXAoAgxqu5uk9_T2sQBvge7H62CgTBU4yhAmIk4d5CparhvRXG1CXijjhAhfg7j7SMmw-hzr-_GR9LXZ6mCuI7G_BvG7DxNbJ20kYzWRZUGgG0I4gEA.g3OH1ZQHrQ2P8sWIzNpQsCzBjNdsKLkRr5Y_x3kY8Ls&dib_tag=se&keywords=all+purpose+cleaner&qid=1757858741&sr=8-15,fl oz,16.0,16.0,3.125
9/14/2025,Home,Home,H1-All purpose cleaner,General purpose cleaner,Stardrops The Pink stuff Miracle Multi-Purpose Cleaner Spray- 25.36 Fl Oz,31.0,Stardrops,amazon,https://www.amazon.sa/-/en/Stardrops-Miracle-Multi-Purpose-Cleaner-Spray/dp/B07T9C5CQR/ref=sr_1_16?dib=eyJ2IjoiMSJ9.YTNLewEmxqtVumFxY0GHY3scF3ZAOJAGp9K5TgyEDgXxXoAciLZSR1o6_MQyPjJjQEJF53tl9tvEFypFd5MXEX26LEqqQKdjv7Pw8VaIdKJvMUj1aumT7nx6-6GUr6cPcWcFA8gKPKpJjd7s7BKLT_O8oTtnIBGeemLSAuepqaU5JNtLrYu4hw2lcXAoAgxqu5uk9_T2sQBvge7H62CgTBU4yhAmIk4d5CparhvRXG1CXijjhAhfg7j7SMmw-hzr-_GR9LXZ6mCuI7G_BvG7DxNbJ20kYzWRZUGgG0I4gEA.g3OH1ZQHrQ2P8sWIzNpQsCzBjNdsKLkRr5Y_x3kY8Ls&dib_tag=se&keywords=all+purpose+cleaner&qid=1757858741&sr=8-16,fl oz,25.36,25.36,1.222397476340694
9/14/2025,Home,Home,H1-All purpose cleaner,General purpose cleaner,"Cetris Multi Purpose Cleaner Spray – Super Strength Degreaser (1 Liter) – Heavy Duty Cleaning Spray for Kitchen, Oven, Bathroom, Carpet, Car Engine, Tires & More.",20.25,Cetris,amazon,https://www.amazon.sa/-/en/Cetris-Multi-Purpose-Cleaner-Spray/dp/B081VN5G5F/ref=sr_1_19?dib=eyJ2IjoiMSJ9.YTNLewEmxqtVumFxY0GHY3scF3ZAOJAGp9K5TgyEDgXxXoAciLZSR1o6_MQyPjJjQEJF53tl9tvEFypFd5MXEX26LEqqQKdjv7Pw8VaIdKJvMUj1aumT7nx6-6GUr6cPcWcFA8gKPKpJjd7s7BKLT_O8oTtnIBGeemLSAuepqaU5JNtLrYu4hw2lcXAoAgxqu5uk9_T2sQBvge7H62CgTBU4yhAmIk4d5CparhvRXG1CXijjhAhfg7j7SMmw-hzr-_GR9LXZ6mCuI7G_BvG7DxNbJ20kYzWRZUGgG0I4gEA.g3OH1ZQHrQ2P8sWIzNpQsCzBjNdsKLkRr5Y_x3kY8Ls&dib_tag=se&keywords=all+purpose+cleaner&qid=1757858741&sr=8-19,L,1.0,1.0,20.25
9/14/2025,Home,Home,H1-All purpose cleaner,General purpose cleaner,"Jif Ultra Fast Cleaner Spray, Multipurpose, 100% stain and mold removal, 470ml",16.95,Jif,amazon,https://www.amazon.sa/-/en/Jif-Ultra-Cleaner-Multipurpose-removal/dp/B0F7XJ5M6V/ref=sr_1_25_f3_0o_othai?dib=eyJ2IjoiMSJ9.YTNLewEmxqtVumFxY0GHY3scF3ZAOJAGp9K5TgyEDgXxXoAciLZSR1o6_MQyPjJjQEJF53tl9tvEFypFd5MXEX26LEqqQKdjv7Pw8VaIdKJvMUj1aumT7nx6-6GUr6cPcWcFA8gKPKpJjd7s7BKLT_O8oTtnIBGeemLSAuepqaU5JNtLrYu4hw2lcXAoAgxqu5uk9_T2sQBvge7H62CgTBU4yhAmIk4d5CparhvRXG1CXijjhAhfg7j7SMmw-hzr-_GR9LXZ6mCuI7G_BvG7DxNbJ20kYzWRZUGgG0I4gEA.g3OH1ZQHrQ2P8sWIzNpQsCzBjNdsKLkRr5Y_x3kY8Ls&dib_tag=se&keywords=all+purpose+cleaner&qid=1757858741&sr=8-25,ml,470.0,0.47,36.06382978723404
9/14/2025,Home,Home,H1-All purpose cleaner,General purpose cleaner,"Zoflora Concentrated Disinfectant - Linen Fresh, 500 ml | Kills 99.9% of Germs | 24-Hour Fragrance | Antibacterial | Multipurpose Cleaner for Home, Kitchen & Bathroom",15.95,Zoflora,amazon,https://www.amazon.sa/-/en/Zoflora-Concentrated-Disinfectant-Antibacterial-Multipurpose/dp/B009SKQ11U/ref=sr_1_27?dib=eyJ2IjoiMSJ9.YTNLewEmxqtVumFxY0GHY3scF3ZAOJAGp9K5TgyEDgXxXoAciLZSR1o6_MQyPjJjQEJF53tl9tvEFypFd5MXEX26LEqqQKdjv7Pw8VaIdKJvMUj1aumT7nx6-6GUr6cPcWcFA8gKPKpJjd7s7BKLT_O8oTtnIBGeemLSAuepqaU5JNtLrYu4hw2lcXAoAgxqu5uk9_T2sQBvge7H62CgTBU4yhAmIk4d5CparhvRXG1CXijjhAhfg7j7SMmw-hzr-_GR9LXZ6mCuI7G_BvG7DxNbJ20kYzWRZUGgG0I4gEA.g3OH1ZQHrQ2P8sWIzNpQsCzBjNdsKLkRr5Y_x3kY8Ls&dib_tag=se&keywords=all+purpose+cleaner&qid=1757858741&sr=8-27,ml,500.0,0.5,31.9
9/14/2025,Home,Home,H1-All purpose cleaner,General purpose cleaner,"Zoflora Multipurpose Cleaner, Midnight Blooms 800ml, Kitchen and Bathroom Cleaner Disinfectant Spray, Surface and Floor Cleaner, Antibacterial, Eliminates Unpleasant Odours",24.75,Zoflora,amazon,https://www.amazon.sa/-/en/Zoflora-Multipurpose-Disinfectant-Antibacterial-Eliminates/dp/B0CY4QZB6H/ref=sr_1_29?dib=eyJ2IjoiMSJ9.YTNLewEmxqtVumFxY0GHY3scF3ZAOJAGp9K5TgyEDgXxXoAciLZSR1o6_MQyPjJjQEJF53tl9tvEFypFd5MXEX26LEqqQKdjv7Pw8VaIdKJvMUj1aumT7nx6-6GUr6cPcWcFA8gKPKpJjd7s7BKLT_O8oTtnIBGeemLSAuepqaU5JNtLrYu4hw2lcXAoAgxqu5uk9_T2sQBvge7H62CgTBU4yhAmIk4d5CparhvRXG1CXijjhAhfg7j7SMmw-hzr-_GR9LXZ6mCuI7G_BvG7DxNbJ20kYzWRZUGgG0I4gEA.g3OH1ZQHrQ2P8sWIzNpQsCzBjNdsKLkRr5Y_x3kY8Ls&dib_tag=se&keywords=all+purpose+cleaner&qid=1757858741&sr=8-29,ml,800.0,0.8,30.9375
9/14/2025,Home,Home,H1-All purpose cleaner,General purpose cleaner,"Mr. Muscle All Purpose Lavender Liquid Floor Cleaner, For Advanced Cleaning & Freshness, 3L",25.0,Mr. Muscle,amazon,https://www.amazon.sa/-/en/Mr-Muscle-Lavender-Advanced-Freshness/dp/B07PH3HV9M/ref=sr_1_30?dib=eyJ2IjoiMSJ9.YTNLewEmxqtVumFxY0GHY3scF3ZAOJAGp9K5TgyEDgXxXoAciLZSR1o6_MQyPjJjQEJF53tl9tvEFypFd5MXEX26LEqqQKdjv7Pw8VaIdKJvMUj1aumT7nx6-6GUr6cPcWcFA8gKPKpJjd7s7BKLT_O8oTtnIBGeemLSAuepqaU5JNtLrYu4hw2lcXAoAgxqu5uk9_T2sQBvge7H62CgTBU4yhAmIk4d5CparhvRXG1CXijjhAhfg7j7SMmw-hzr-_GR9LXZ6mCuI7G_BvG7DxNbJ20kYzWRZUGgG0I4gEA.g3OH1ZQHrQ2P8sWIzNpQsCzBjNdsKLkRr5Y_x3kY8Ls&dib_tag=se&keywords=all+purpose+cleaner&qid=1757858741&sr=8-30,L,3.0,3.0,8.333333333333334
9/14/2025,Home,Home,H1-All purpose cleaner,General purpose cleaner,"Zoflora Concentrated Disinfectant, Lavender 500ml, Floor Cleaner, Kitchen and Bathroom Cleaner, And Multi-purpose Surface Disinfectant",12.0,Zoflora,amazon,https://www.amazon.sa/-/en/Zoflora-Concentrated-Disinfectant-Lavender-Multi-purpose/dp/B0D6NDFD7C/ref=sr_1_31?dib=eyJ2IjoiMSJ9.YTNLewEmxqtVumFxY0GHY3scF3ZAOJAGp9K5TgyEDgXxXoAciLZSR1o6_MQyPjJjQEJF53tl9tvEFypFd5MXEX26LEqqQKdjv7Pw8VaIdKJvMUj1aumT7nx6-6GUr6cPcWcFA8gKPKpJjd7s7BKLT_O8oTtnIBGeemLSAuepqaU5JNtLrYu4hw2lcXAoAgxqu5uk9_T2sQBvge7H62CgTBU4yhAmIk4d5CparhvRXG1CXijjhAhfg7j7SMmw-hzr-_GR9LXZ6mCuI7G_BvG7DxNbJ20kYzWRZUGgG0I4gEA.g3OH1ZQHrQ2P8sWIzNpQsCzBjNdsKLkRr5Y_x3kY8Ls&dib_tag=se&keywords=all+purpose+cleaner&qid=1757858741&sr=8-31,ml,500.0,0.5,24.0
9/14/2025,Home,Home,H1-All purpose cleaner,General purpose cleaner,Ecolunes Fragrance Free All Purpose Cleaner 500 ml,23.5,Ecolunes,amazon,https://www.amazon.sa/-/en/Ecolunes-Fragrance-Free-Purpose-Cleaner/dp/B0BNLBMZ94/ref=sr_1_32?dib=eyJ2IjoiMSJ9.YTNLewEmxqtVumFxY0GHY3scF3ZAOJAGp9K5TgyEDgXxXoAciLZSR1o6_MQyPjJjQEJF53tl9tvEFypFd5MXEX26LEqqQKdjv7Pw8VaIdKJvMUj1aumT7nx6-6GUr6cPcWcFA8gKPKpJjd7s7BKLT_O8oTtnIBGeemLSAuepqaU5JNtLrYu4hw2lcXAoAgxqu5uk9_T2sQBvge7H62CgTBU4yhAmIk4d5CparhvRXG1CXijjhAhfg7j7SMmw-hzr-_GR9LXZ6mCuI7G_BvG7DxNbJ20kYzWRZUGgG0I4gEA.g3OH1ZQHrQ2P8sWIzNpQsCzBjNdsKLkRr5Y_x3kY8Ls&dib_tag=se&keywords=all+purpose+cleaner&qid=1757858741&sr=8-32,ml,500.0,0.5,47.0
9/14/2025,Home,Home,H1-All purpose cleaner,General purpose cleaner,"Method All-Purpose Cleaner Spray, French Lavender, Plant-Based and Biodegradable Formula Perfect for Most Counters, Tiles and More, 28 Fl Oz, (Pack of 1)",101.09,Method,amazon,https://www.amazon.sa/-/en/Method-All-Purpose-Lavender-Plant-Based-Biodegradable/dp/B0013FRRMK/ref=sr_1_34?dib=eyJ2IjoiMSJ9.YTNLewEmxqtVumFxY0GHY3scF3ZAOJAGp9K5TgyEDgXxXoAciLZSR1o6_MQyPjJjQEJF53tl9tvEFypFd5MXEX26LEqqQKdjv7Pw8VaIdKJvMUj1aumT7nx6-6GUr6cPcWcFA8gKPKpJjd7s7BKLT_O8oTtnIBGeemLSAuepqaU5JNtLrYu4hw2lcXAoAgxqu5uk9_T2sQBvge7H62CgTBU4yhAmIk4d5CparhvRXG1CXijjhAhfg7j7SMmw-hzr-_GR9LXZ6mCuI7G_BvG7DxNbJ20kYzWRZUGgG0I4gEA.g3OH1ZQHrQ2P8sWIzNpQsCzBjNdsKLkRr5Y_x3kY8Ls&dib_tag=se&keywords=all+purpose+cleaner&qid=1757858741&sr=8-34,fl oz,28.0,28.0,3.610357142857143
9/14/2025,Home,Home,H1-All purpose cleaner,General purpose cleaner,"Al Emlaq Super Gel – Multi-Purpose General Cleaner with Pine Scent – Ideal for Floors, Surfaces, Bathrooms & Toilets – 500g",8.95,Al Emlaq,amazon,https://www.amazon.sa/-/en/Al-Emlaq-Super-Gel-Multi-Purpose/dp/B07Q1N751T/ref=sr_1_38?dib=eyJ2IjoiMSJ9.YTNLewEmxqtVumFxY0GHY3scF3ZAOJAGp9K5TgyEDgXxXoAciLZSR1o6_MQyPjJjQEJF53tl9tvEFypFd5MXEX26LEqqQKdjv7Pw8VaIdKJvMUj1aumT7nx6-6GUr6cPcWcFA8gKPKpJjd7s7BKLT_O8oTtnIBGeemLSAuepqaU5JNtLrYu4hw2lcXAoAgxqu5uk9_T2sQBvge7H62CgTBU4yhAmIk4d5CparhvRXG1CXijjhAhfg7j7SMmw-hzr-_GR9LXZ6mCuI7G_BvG7DxNbJ20kYzWRZUGgG0I4gEA.g3OH1ZQHrQ2P8sWIzNpQsCzBjNdsKLkRr5Y_x3kY8Ls&dib_tag=se&keywords=all+purpose+cleaner&qid=1757858741&sr=8-38,g,500.0,500.0,0.0179
9/14/2025,Home,Home,H1-All purpose cleaner,General purpose cleaner,"Fantastik All-Purpose Cleaner, With Bleach, 32 Fl Oz",34.75,Fantastik,amazon,https://www.amazon.sa/-/en/Fantastik-All-Purpose-Cleaner-Bleach-32/dp/B005Y2WVUG/ref=sr_1_39?dib=eyJ2IjoiMSJ9.YTNLewEmxqtVumFxY0GHY3scF3ZAOJAGp9K5TgyEDgXxXoAciLZSR1o6_MQyPjJjQEJF53tl9tvEFypFd5MXEX26LEqqQKdjv7Pw8VaIdKJvMUj1aumT7nx6-6GUr6cPcWcFA8gKPKpJjd7s7BKLT_O8oTtnIBGeemLSAuepqaU5JNtLrYu4hw2lcXAoAgxqu5uk9_T2sQBvge7H62CgTBU4yhAmIk4d5CparhvRXG1CXijjhAhfg7j7SMmw-hzr-_GR9LXZ6mCuI7G_BvG7DxNbJ20kYzWRZUGgG0I4gEA.g3OH1ZQHrQ2P8sWIzNpQsCzBjNdsKLkRr5Y_x3kY8Ls&dib_tag=se&keywords=all+purpose+cleaner&qid=1757858741&sr=8-39,fl oz,32.0,32.0,1.0859375
9/14/2025,Home,Home,H1-All purpose cleaner,General purpose cleaner,"Frida Home All Purpose Home Cleaning Fragrance, Dark Forest, 480 ml, Pack of 1",16.65,Frida,amazon,https://www.amazon.sa/-/en/Frida-Cleaning-Fragrance-Dark-Forest/dp/B089GTWPKK/ref=sr_1_40?dib=eyJ2IjoiMSJ9.YTNLewEmxqtVumFxY0GHY3scF3ZAOJAGp9K5TgyEDgXxXoAciLZSR1o6_MQyPjJjQEJF53tl9tvEFypFd5MXEX26LEqqQKdjv7Pw8VaIdKJvMUj1aumT7nx6-6GUr6cPcWcFA8gKPKpJjd7s7BKLT_O8oTtnIBGeemLSAuepqaU5JNtLrYu4hw2lcXAoAgxqu5uk9_T2sQBvge7H62CgTBU4yhAmIk4d5CparhvRXG1CXijjhAhfg7j7SMmw-hzr-_GR9LXZ6mCuI7G_BvG7DxNbJ20kYzWRZUGgG0I4gEA.g3OH1ZQHrQ2P8sWIzNpQsCzBjNdsKLkRr5Y_x3kY8Ls&dib_tag=se&keywords=all+purpose+cleaner&qid=1757858741&sr=8-40,ml,480.0,0.48,34.6875
9/14/2025,Home,Home,H1-All purpose cleaner,General purpose cleaner,"Fantastik All-Purpose Cleaner Trigger, Fresh Scent, 32 fl oz",34.75,Fantastik,amazon,https://www.amazon.sa/-/en/Fantastik-All-Purpose-Cleaner-Trigger-Fresh/dp/B000VDX25G/ref=sr_1_41?dib=eyJ2IjoiMSJ9.YTNLewEmxqtVumFxY0GHY3scF3ZAOJAGp9K5TgyEDgXxXoAciLZSR1o6_MQyPjJjQEJF53tl9tvEFypFd5MXEX26LEqqQKdjv7Pw8VaIdKJvMUj1aumT7nx6-6GUr6cPcWcFA8gKPKpJjd7s7BKLT_O8oTtnIBGeemLSAuepqaU5JNtLrYu4hw2lcXAoAgxqu5uk9_T2sQBvge7H62CgTBU4yhAmIk4d5CparhvRXG1CXijjhAhfg7j7SMmw-hzr-_GR9LXZ6mCuI7G_BvG7DxNbJ20kYzWRZUGgG0I4gEA.g3OH1ZQHrQ2P8sWIzNpQsCzBjNdsKLkRr5Y_x3kY8Ls&dib_tag=se&keywords=all+purpose+cleaner&qid=1757858741&sr=8-41,fl oz,32.0,32.0,1.0859375
9/14/2025,Home,Home,H1-All purpose cleaner,General purpose cleaner,"Bioneat Organic All Purpose Clean and Disinfect - 100% Natural, Non-Toxic - Antivirus, Biodegradable and Safe - 750 ml",60.85,Bioneat,amazon,https://www.amazon.sa/-/en/Bioneat-Organic-Purpose-Clean-Disinfect/dp/B0BS9BFJZV/ref=sr_1_42?dib=eyJ2IjoiMSJ9.YTNLewEmxqtVumFxY0GHY3scF3ZAOJAGp9K5TgyEDgXxXoAciLZSR1o6_MQyPjJjQEJF53tl9tvEFypFd5MXEX26LEqqQKdjv7Pw8VaIdKJvMUj1aumT7nx6-6GUr6cPcWcFA8gKPKpJjd7s7BKLT_O8oTtnIBGeemLSAuepqaU5JNtLrYu4hw2lcXAoAgxqu5uk9_T2sQBvge7H62CgTBU4yhAmIk4d5CparhvRXG1CXijjhAhfg7j7SMmw-hzr-_GR9LXZ6mCuI7G_BvG7DxNbJ20kYzWRZUGgG0I4gEA.g3OH1ZQHrQ2P8sWIzNpQsCzBjNdsKLkRr5Y_x3kY8Ls&dib_tag=se&keywords=all+purpose+cleaner&qid=1757858741&sr=8-42,ml,750.0,0.75,81.13333333333334
9/14/2025,Home,Home,H1-All purpose cleaner,General purpose cleaner,"Simple Green All Purpose Cleaner, 24 oz",29.75,SIMPLE GREEN,amazon,https://www.amazon.sa/-/en/Simple-Green-All-Purpose-Cleaner/dp/B000BPGPZI/ref=sr_1_43?dib=eyJ2IjoiMSJ9.YTNLewEmxqtVumFxY0GHY3scF3ZAOJAGp9K5TgyEDgXxXoAciLZSR1o6_MQyPjJjQEJF53tl9tvEFypFd5MXEX26LEqqQKdjv7Pw8VaIdKJvMUj1aumT7nx6-6GUr6cPcWcFA8gKPKpJjd7s7BKLT_O8oTtnIBGeemLSAuepqaU5JNtLrYu4hw2lcXAoAgxqu5uk9_T2sQBvge7H62CgTBU4yhAmIk4d5CparhvRXG1CXijjhAhfg7j7SMmw-hzr-_GR9LXZ6mCuI7G_BvG7DxNbJ20kYzWRZUGgG0I4gEA.g3OH1ZQHrQ2P8sWIzNpQsCzBjNdsKLkRr5Y_x3kY8Ls&dib_tag=se&keywords=all+purpose+cleaner&qid=1757858741&sr=8-43,fl oz,24.0,24.0,1.2395833333333333
9/14/2025,Home,Home,H1-All purpose cleaner,General purpose cleaner,Zoflora-Multi-purpose Concentrated Disinfectant All Surface Cleaner-Floor Cleaner-Effective against bacteria & Viruses-Long Lasting Lemon Zing Fragrance-Eliminates Odour-All Day Fresh-500ml,15.95,Zoflora,amazon,https://www.amazon.sa/-/en/Zoflora-Multi-purpose-Concentrated-Cleaner-Floor-Cleaner-Effective-Fragrance-Eliminates/dp/B07SDP6G4W/ref=sr_1_44?dib=eyJ2IjoiMSJ9.YTNLewEmxqtVumFxY0GHY3scF3ZAOJAGp9K5TgyEDgXxXoAciLZSR1o6_MQyPjJjQEJF53tl9tvEFypFd5MXEX26LEqqQKdjv7Pw8VaIdKJvMUj1aumT7nx6-6GUr6cPcWcFA8gKPKpJjd7s7BKLT_O8oTtnIBGeemLSAuepqaU5JNtLrYu4hw2lcXAoAgxqu5uk9_T2sQBvge7H62CgTBU4yhAmIk4d5CparhvRXG1CXijjhAhfg7j7SMmw-hzr-_GR9LXZ6mCuI7G_BvG7DxNbJ20kYzWRZUGgG0I4gEA.g3OH1ZQHrQ2P8sWIzNpQsCzBjNdsKLkRr5Y_x3kY8Ls&dib_tag=se&keywords=all+purpose+cleaner&qid=1757858741&sr=8-44,ml,500.0,0.5,31.9
9/14/2025,Home,Home,H1-All purpose cleaner,General purpose cleaner,"Method All-Purpose Cleaner Spray, Lime + Sea Salt, Plant-Based and Biodegradable Formula Perfect for Most Counters, Tiles, Stone, and More, 28 oz Spray Bottles, (Pack of 1)",92.0,Method,amazon,https://www.amazon.sa/-/en/Method-All-Purpose-Plant-Based-Biodegradable-Counters/dp/B007AHO6CO/ref=sr_1_45?dib=eyJ2IjoiMSJ9.YTNLewEmxqtVumFxY0GHY3scF3ZAOJAGp9K5TgyEDgXxXoAciLZSR1o6_MQyPjJjQEJF53tl9tvEFypFd5MXEX26LEqqQKdjv7Pw8VaIdKJvMUj1aumT7nx6-6GUr6cPcWcFA8gKPKpJjd7s7BKLT_O8oTtnIBGeemLSAuepqaU5JNtLrYu4hw2lcXAoAgxqu5uk9_T2sQBvge7H62CgTBU4yhAmIk4d5CparhvRXG1CXijjhAhfg7j7SMmw-hzr-_GR9LXZ6mCuI7G_BvG7DxNbJ20kYzWRZUGgG0I4gEA.g3OH1ZQHrQ2P8sWIzNpQsCzBjNdsKLkRr5Y_x3kY8Ls&dib_tag=se&keywords=all+purpose+cleaner&qid=1757858741&sr=8-45,fl oz,28.0,28.0,3.2857142857142856
9/14/2025,Home,Home,H1-All purpose cleaner,General purpose cleaner,"ATTITUDE All-Purpose Cleaner, EWG Verified, Streak-Free, Plant- and Mineral-Based, Vegan and Cruelty-free Multi Surface Cleaning Products, Citrus Zest, 800 mL",132.38,Attitude,amazon,https://www.amazon.sa/-/en/ATTITUDE-All-Purpose-Streak-Free-Mineral-Based-Cruelty-free/dp/B00MNW4LW6/ref=sr_1_46?dib=eyJ2IjoiMSJ9.YTNLewEmxqtVumFxY0GHY3scF3ZAOJAGp9K5TgyEDgXxXoAciLZSR1o6_MQyPjJjQEJF53tl9tvEFypFd5MXEX26LEqqQKdjv7Pw8VaIdKJvMUj1aumT7nx6-6GUr6cPcWcFA8gKPKpJjd7s7BKLT_O8oTtnIBGeemLSAuepqaU5JNtLrYu4hw2lcXAoAgxqu5uk9_T2sQBvge7H62CgTBU4yhAmIk4d5CparhvRXG1CXijjhAhfg7j7SMmw-hzr-_GR9LXZ6mCuI7G_BvG7DxNbJ20kYzWRZUGgG0I4gEA.g3OH1ZQHrQ2P8sWIzNpQsCzBjNdsKLkRr5Y_x3kY8Ls&dib_tag=se&keywords=all+purpose+cleaner&qid=1757858741&sr=8-46,fl oz,27.1,27.1,4.884870848708487
9/14/2025,Home,Home,H1-All purpose cleaner,General purpose cleaner,"Zoflora Concentrated Disinfectant - Midnight Blooms, 250ml | Kills 99.9% of Germs | 24-Hour Fragrance | Antibacterial | Multipurpose Cleaner for Home, Kitchen & Bathroom",11.3,Zoflora,amazon,https://www.amazon.sa/-/en/Zoflora-Concentrated-Disinfectant-Antibacterial-Multipurpose/dp/B0BWDH3CMJ/ref=sr_1_47?dib=eyJ2IjoiMSJ9.YTNLewEmxqtVumFxY0GHY3scF3ZAOJAGp9K5TgyEDgXxXoAciLZSR1o6_MQyPjJjQEJF53tl9tvEFypFd5MXEX26LEqqQKdjv7Pw8VaIdKJvMUj1aumT7nx6-6GUr6cPcWcFA8gKPKpJjd7s7BKLT_O8oTtnIBGeemLSAuepqaU5JNtLrYu4hw2lcXAoAgxqu5uk9_T2sQBvge7H62CgTBU4yhAmIk4d5CparhvRXG1CXijjhAhfg7j7SMmw-hzr-_GR9LXZ6mCuI7G_BvG7DxNbJ20kYzWRZUGgG0I4gEA.g3OH1ZQHrQ2P8sWIzNpQsCzBjNdsKLkRr5Y_x3kY8Ls&dib_tag=se&keywords=all+purpose+cleaner&qid=1757858741&sr=8-47,ml,250.0,0.25,45.2
9/14/2025,Home,Home,H1-All purpose cleaner,General purpose cleaner,"Mr Muscle Multi-Purpose Floor Cleaner & Detergent with Citrus Fragrance - Professional Formula for Tiles, Kitchen & Home Surfaces - Streak-Free Cleaning with Fresh Scent - 1 Litre",14.0,Mr Muscle,amazon,https://www.amazon.sa/-/en/Mr-Muscle-Multi-Purpose-Detergent-Fragrance/dp/B0B5TRNRF6/ref=sr_1_48?dib=eyJ2IjoiMSJ9.YTNLewEmxqtVumFxY0GHY3scF3ZAOJAGp9K5TgyEDgXxXoAciLZSR1o6_MQyPjJjQEJF53tl9tvEFypFd5MXEX26LEqqQKdjv7Pw8VaIdKJvMUj1aumT7nx6-6GUr6cPcWcFA8gKPKpJjd7s7BKLT_O8oTtnIBGeemLSAuepqaU5JNtLrYu4hw2lcXAoAgxqu5uk9_T2sQBvge7H62CgTBU4yhAmIk4d5CparhvRXG1CXijjhAhfg7j7SMmw-hzr-_GR9LXZ6mCuI7G_BvG7DxNbJ20kYzWRZUGgG0I4gEA.g3OH1ZQHrQ2P8sWIzNpQsCzBjNdsKLkRr5Y_x3kY8Ls&dib_tag=se&keywords=all+purpose+cleaner&qid=1757858741&sr=8-48,L,1.0,1.0,14.0
9/14/2025,Home,Home,H1-All purpose cleaner,General purpose cleaner,"Zoflora Multi-Purpose Disinfectant Spray, Antibacterial Spray for All Surfaces, 800ml, Lemon Zing",24.75,Zoflora,amazon,https://www.amazon.sa/-/en/Zoflora-Multi-Purpose-Disinfectant-Antibacterial-Surfaces/dp/B00KTZW8WE/ref=sr_1_49?dib=eyJ2IjoiMSJ9.YTNLewEmxqtVumFxY0GHY3scF3ZAOJAGp9K5TgyEDgXxXoAciLZSR1o6_MQyPjJjQEJF53tl9tvEFypFd5MXEX26LEqqQKdjv7Pw8VaIdKJvMUj1aumT7nx6-6GUr6cPcWcFA8gKPKpJjd7s7BKLT_O8oTtnIBGeemLSAuepqaU5JNtLrYu4hw2lcXAoAgxqu5uk9_T2sQBvge7H62CgTBU4yhAmIk4d5CparhvRXG1CXijjhAhfg7j7SMmw-hzr-_GR9LXZ6mCuI7G_BvG7DxNbJ20kYzWRZUGgG0I4gEA.g3OH1ZQHrQ2P8sWIzNpQsCzBjNdsKLkRr5Y_x3kY8Ls&dib_tag=se&keywords=all+purpose+cleaner&qid=1757858741&sr=8-49,ml,800.0,0.8,30.9375
9/14/2025,Home,Home,H1-All purpose cleaner,General purpose cleaner,"JIF Ultra Fast Cleaner Spray, Multipurpose, 100% Stain and Mold Removal, 500ml",19.97,Jif,amazon,https://www.amazon.sa/-/en/Ultra-Cleaner-Spray-Multipurpose-Removal/dp/B0B9S6J93J/ref=sr_1_50?dib=eyJ2IjoiMSJ9.YTNLewEmxqtVumFxY0GHY3scF3ZAOJAGp9K5TgyEDgXxXoAciLZSR1o6_MQyPjJjQEJF53tl9tvEFypFd5MXEX26LEqqQKdjv7Pw8VaIdKJvMUj1aumT7nx6-6GUr6cPcWcFA8gKPKpJjd7s7BKLT_O8oTtnIBGeemLSAuepqaU5JNtLrYu4hw2lcXAoAgxqu5uk9_T2sQBvge7H62CgTBU4yhAmIk4d5CparhvRXG1CXijjhAhfg7j7SMmw-hzr-_GR9LXZ6mCuI7G_BvG7DxNbJ20kYzWRZUGgG0I4gEA.g3OH1ZQHrQ2P8sWIzNpQsCzBjNdsKLkRr5Y_x3kY8Ls&dib_tag=se&keywords=all+purpose+cleaner&qid=1757858741&sr=8-50,ml,500.0,0.5,39.94
9/14/2025,Home,Home,H1-All purpose cleaner,General purpose cleaner,"Frida Home All Purpose Home Cleaning Fragrance, Fruit Punch, 480 ml, Pack of 1",20.0,Frida,amazon,https://www.amazon.sa/-/en/Frida-Cleaning-Fragrance-Fruit-Punch/dp/B0893X27XD/ref=sr_1_55?dib=eyJ2IjoiMSJ9.YTNLewEmxqtVumFxY0GHY3scF3ZAOJAGp9K5TgyEDgXxXoAciLZSR1o6_MQyPjJjQEJF53tl9tvEFypFd5MXEX26LEqqQKdjv7Pw8VaIdKJvMUj1aumT7nx6-6GUr6cPcWcFA8gKPKpJjd7s7BKLT_O8oTtnIBGeemLSAuepqaU5JNtLrYu4hw2lcXAoAgxqu5uk9_T2sQBvge7H62CgTBU4yhAmIk4d5CparhvRXG1CXijjhAhfg7j7SMmw-hzr-_GR9LXZ6mCuI7G_BvG7DxNbJ20kYzWRZUGgG0I4gEA.g3OH1ZQHrQ2P8sWIzNpQsCzBjNdsKLkRr5Y_x3kY8Ls&dib_tag=se&keywords=all+purpose+cleaner&qid=1757858741&sr=8-55,ml,480.0,0.48,41.66666666666667
9/14/2025,Home,Home,H1-All purpose cleaner,General purpose cleaner,Eya Clean Pro Natural Pro All-Purpose Cleaner 1000Ml,99.0,Eya Clean Pro,amazon,https://www.amazon.sa/-/en/Eya-Clean-Pro-Natural-All-Purpose/dp/B0CMXN1WX5/ref=sr_1_56?dib=eyJ2IjoiMSJ9.YTNLewEmxqtVumFxY0GHY3scF3ZAOJAGp9K5TgyEDgXxXoAciLZSR1o6_MQyPjJjQEJF53tl9tvEFypFd5MXEX26LEqqQKdjv7Pw8VaIdKJvMUj1aumT7nx6-6GUr6cPcWcFA8gKPKpJjd7s7BKLT_O8oTtnIBGeemLSAuepqaU5JNtLrYu4hw2lcXAoAgxqu5uk9_T2sQBvge7H62CgTBU4yhAmIk4d5CparhvRXG1CXijjhAhfg7j7SMmw-hzr-_GR9LXZ6mCuI7G_BvG7DxNbJ20kYzWRZUGgG0I4gEA.g3OH1ZQHrQ2P8sWIzNpQsCzBjNdsKLkRr5Y_x3kY8Ls&dib_tag=se&keywords=all+purpose+cleaner&qid=1757858741&sr=8-56,ml,1000.0,1.0,99.0
9/14/2025,Home,Home,H1-All purpose cleaner,General purpose cleaner,Method - All Purpose Cleaner Peach Blossom Spray 828Ml,34.0,Method,mumzworld,https://www.mumzworld.com/sa-en/method-all-purpose-cleaner-peach-blossom-spray-828ml?source=Search,ml,828.0,0.828,41.06280193236715
9/14/2025,Home,Home,H1-All purpose cleaner,General purpose cleaner,Method - All Purpose Cleaner Wild Rhubarb Refill - 2L,60.0,Method,mumzworld,https://www.mumzworld.com/sa-en/method-all-purpose-cleaner-wild-rhubarb-refill-2l?source=Search,L,2.0,2.0,30.0
9/14/2025,Home,Home,H1-All purpose cleaner,General purpose cleaner,Method - All Purpose Cleaner Peach Blossom Refill - 2L,59.0,Method,mumzworld,https://www.mumzworld.com/sa-en/method-all-purpose-cleaner-peach-blossom-refill-2l?source=Search,L,2.0,2.0,29.5
9/14/2025,Home,Home,H1-All purpose cleaner,General purpose cleaner,Method - Antibacterial All Purpose Cleaner Spray Refill  - Orange Yuzu - 2 L,56.0,Method,mumzworld,https://www.mumzworld.com/sa-en/method-antibacterial-all-purpose-cleaner-spray-refill-orange-yuzu-2-l-878-843536181290?source=Search,L,2.0,2.0,28.0
9/14/2025,Home,Home,H1-All purpose cleaner,General purpose cleaner,"Ecover All Purpose Cleaner, 1l",27.0,Ecover,mumzworld,https://www.mumzworld.com/sa-en/ecover-all-purpose-cleaner-1l?source=Search,L,1.0,1.0,27.0
9/14/2025,Home,Home,H1-All purpose cleaner,General purpose cleaner,9EASY - Antibacterial All Purpose Cleaner - 5L,22.0,9EASY,mumzworld,https://www.mumzworld.com/sa-en/9easy-antibacterial-all-purpose-cleaner-5l-959972?source=Search,L,5.0,5.0,4.4
9/14/2025,Home,Home,H1-All purpose cleaner,General purpose cleaner,9Easy - Antibacterial Disinfectant - Lemon - 3L,27.0,9Easy,mumzworld,https://www.mumzworld.com/sa-en/9easy-antibacterial-disinfectant-lemon-3l?source=Search,L,3.0,3.0,9.0
9/14/2025,Home,Home,H1-All purpose cleaner,General purpose cleaner,Stardrops Long Lasting Fresh Scent All-Purpose Miracle Cleaning Paste Pink 17.60Oz,39.95,Stardrops,saco,https://www.saco.sa/en/Stardrops-Long-Lasting-Fresh-Scent-All-Purpose-Miracle-Cleaning-Paste-Pink-17-60Oz/p/000000000000078133,fl oz,17.6,17.6,2.269886363636364
9/14/2025,Home,Home,H2-Glass cleaner,Glass cleaner,Candorax Glass Cleaner 4 Liter Package design may vary,10.35,CANDORAX,amazon,https://www.amazon.sa/-/en/Candorax-Glass-Cleaner-Package-design/dp/B09RDY2XS7/ref=sr_1_5?dib=eyJ2IjoiMSJ9.G_Anp2HTpOIOvyPdHJFbyTUiKAqUcFb86CTd8yHdvDezE2moVyGh0DLUCOtYlC1P5YKbnQDqW-n5O8bB5KJdVMuzXh0LigckiGuFrpv7jKVXiWLeNpbHCgfaFnEmMVf-JxTBC2P7cgevR8WXVCIUK6ymcXW53O5IR0x8Lco8RZ8obYGN29GJc4BxxxAm61chC7L05JXtmRt9jmWDnhrrLQ3D8bWzdDDiwNRo-HFnpyMlqNCV-tJ4g7vfCu-tV762JxFWZ8YSdqXBX9M0sBq7JyYton9sFLEZBML4Cqi9tMY.Df4pvUjs5fAqve2WTfg9YKv7Js4of62KWLzTGf1jgVk&dib_tag=se&keywords=glass+cleaner&qid=1757859365&sr=8-5,L,4.0,4.0,2.5875
9/14/2025,Home,Home,H2-Glass cleaner,Glass cleaner,"Dac Glass Cleaner, For Spotless and Sparkling Surfaces, Blue/White (2 x 650ML + 400ML) - Pack of Three",25.95,DAC,amazon,https://www.amazon.sa/-/en/Glass-Cleaner-Spotless-Sparkling-Surfaces/dp/B0BVMPXC4Z/ref=sr_1_6?dib=eyJ2IjoiMSJ9.G_Anp2HTpOIOvyPdHJFbyTUiKAqUcFb86CTd8yHdvDezE2moVyGh0DLUCOtYlC1P5YKbnQDqW-n5O8bB5KJdVMuzXh0LigckiGuFrpv7jKVXiWLeNpbHCgfaFnEmMVf-JxTBC2P7cgevR8WXVCIUK6ymcXW53O5IR0x8Lco8RZ8obYGN29GJc4BxxxAm61chC7L05JXtmRt9jmWDnhrrLQ3D8bWzdDDiwNRo-HFnpyMlqNCV-tJ4g7vfCu-tV762JxFWZ8YSdqXBX9M0sBq7JyYton9sFLEZBML4Cqi9tMY.Df4pvUjs5fAqve2WTfg9YKv7Js4of62KWLzTGf1jgVk&dib_tag=se&keywords=glass+cleaner&qid=1757859365&sr=8-6,ml,650.0,0.65,39.92307692307692
9/14/2025,Home,Home,H2-Glass cleaner,Glass cleaner,"Windex Original Blue Glass Cleaner Spray Bottle, 750ml - Powerful Window Cleaner for Streak-Free Shine - Removes Fingerprints & Smudges, Brightens Home - Fast-Acting Formula for Sparkling Results",11.95,Windex,amazon,https://www.amazon.sa/-/en/Windex-Original-Glass-Cleaner-Bottle/dp/B082H9K64R/ref=sr_1_7?dib=eyJ2IjoiMSJ9.G_Anp2HTpOIOvyPdHJFbyTUiKAqUcFb86CTd8yHdvDezE2moVyGh0DLUCOtYlC1P5YKbnQDqW-n5O8bB5KJdVMuzXh0LigckiGuFrpv7jKVXiWLeNpbHCgfaFnEmMVf-JxTBC2P7cgevR8WXVCIUK6ymcXW53O5IR0x8Lco8RZ8obYGN29GJc4BxxxAm61chC7L05JXtmRt9jmWDnhrrLQ3D8bWzdDDiwNRo-HFnpyMlqNCV-tJ4g7vfCu-tV762JxFWZ8YSdqXBX9M0sBq7JyYton9sFLEZBML4Cqi9tMY.Df4pvUjs5fAqve2WTfg9YKv7Js4of62KWLzTGf1jgVk&dib_tag=se&keywords=glass+cleaner&qid=1757859365&sr=8-7,ml,750.0,0.75,15.933333333333332
9/14/2025,Home,Home,H2-Glass cleaner,Glass cleaner,Dac Glass Cleaner Regular 400Ml,8.95,DAC,amazon,https://www.amazon.sa/-/en/Dac-Glass-Cleaner-Regular-400Ml/dp/B07M6KF8RX/ref=sr_1_8?dib=eyJ2IjoiMSJ9.G_Anp2HTpOIOvyPdHJFbyTUiKAqUcFb86CTd8yHdvDezE2moVyGh0DLUCOtYlC1P5YKbnQDqW-n5O8bB5KJdVMuzXh0LigckiGuFrpv7jKVXiWLeNpbHCgfaFnEmMVf-JxTBC2P7cgevR8WXVCIUK6ymcXW53O5IR0x8Lco8RZ8obYGN29GJc4BxxxAm61chC7L05JXtmRt9jmWDnhrrLQ3D8bWzdDDiwNRo-HFnpyMlqNCV-tJ4g7vfCu-tV762JxFWZ8YSdqXBX9M0sBq7JyYton9sFLEZBML4Cqi9tMY.Df4pvUjs5fAqve2WTfg9YKv7Js4of62KWLzTGf1jgVk&dib_tag=se&keywords=glass+cleaner&qid=1757859365&sr=8-8,ml,400.0,0.4,22.375
9/14/2025,Home,Home,H2-Glass cleaner,Glass cleaner,"Dettol Glass Cleaner Spray Bottle, 500 ml",12.95,Dettol,amazon,https://www.amazon.sa/-/en/Dettol-Glass-Cleaner-Spray-Bottle/dp/B07MTVG3VJ/ref=sr_1_9?dib=eyJ2IjoiMSJ9.G_Anp2HTpOIOvyPdHJFbyTUiKAqUcFb86CTd8yHdvDezE2moVyGh0DLUCOtYlC1P5YKbnQDqW-n5O8bB5KJdVMuzXh0LigckiGuFrpv7jKVXiWLeNpbHCgfaFnEmMVf-JxTBC2P7cgevR8WXVCIUK6ymcXW53O5IR0x8Lco8RZ8obYGN29GJc4BxxxAm61chC7L05JXtmRt9jmWDnhrrLQ3D8bWzdDDiwNRo-HFnpyMlqNCV-tJ4g7vfCu-tV762JxFWZ8YSdqXBX9M0sBq7JyYton9sFLEZBML4Cqi9tMY.Df4pvUjs5fAqve2WTfg9YKv7Js4of62KWLzTGf1jgVk&dib_tag=se&keywords=glass+cleaner&qid=1757859365&sr=8-9,ml,500.0,0.5,25.9
9/14/2025,Home,Home,H2-Glass cleaner,Glass cleaner,Bestclean Advanced Formula Glass Cleaner 500 ml,8.0,Bestclean,amazon,https://www.amazon.sa/-/en/Bestclean-Advanced-Formula-Glass-Cleaner/dp/B0DPKJ2DP5/ref=sr_1_10?dib=eyJ2IjoiMSJ9.G_Anp2HTpOIOvyPdHJFbyTUiKAqUcFb86CTd8yHdvDezE2moVyGh0DLUCOtYlC1P5YKbnQDqW-n5O8bB5KJdVMuzXh0LigckiGuFrpv7jKVXiWLeNpbHCgfaFnEmMVf-JxTBC2P7cgevR8WXVCIUK6ymcXW53O5IR0x8Lco8RZ8obYGN29GJc4BxxxAm61chC7L05JXtmRt9jmWDnhrrLQ3D8bWzdDDiwNRo-HFnpyMlqNCV-tJ4g7vfCu-tV762JxFWZ8YSdqXBX9M0sBq7JyYton9sFLEZBML4Cqi9tMY.Df4pvUjs5fAqve2WTfg9YKv7Js4of62KWLzTGf1jgVk&dib_tag=se&keywords=glass+cleaner&qid=1757859365&sr=8-10,ml,500.0,0.5,16.0
9/14/2025,Home,Home,H2-Glass cleaner,Glass cleaner,U-Do Glass Cleaner 4 Ltr,13.95,Generic,amazon,https://www.amazon.sa/-/en/U-Do-Glass-Cleaner-4-Ltr/dp/B0882X3R2L/ref=sr_1_11?dib=eyJ2IjoiMSJ9.G_Anp2HTpOIOvyPdHJFbyTUiKAqUcFb86CTd8yHdvDezE2moVyGh0DLUCOtYlC1P5YKbnQDqW-n5O8bB5KJdVMuzXh0LigckiGuFrpv7jKVXiWLeNpbHCgfaFnEmMVf-JxTBC2P7cgevR8WXVCIUK6ymcXW53O5IR0x8Lco8RZ8obYGN29GJc4BxxxAm61chC7L05JXtmRt9jmWDnhrrLQ3D8bWzdDDiwNRo-HFnpyMlqNCV-tJ4g7vfCu-tV762JxFWZ8YSdqXBX9M0sBq7JyYton9sFLEZBML4Cqi9tMY.Df4pvUjs5fAqve2WTfg9YKv7Js4of62KWLzTGf1jgVk&dib_tag=se&keywords=glass+cleaner&qid=1757859365&sr=8-11,L,4.0,4.0,3.4875
9/14/2025,Home,Home,H2-Glass cleaner,Glass cleaner,"Stardrops The Pink Stuff The Miracle Window & Glass Cleaner 17.00, 750ml",25.0,THE PINK STUFF,amazon,https://www.amazon.sa/-/en/Stardrops-Stuff-Miracle-Window-Cleaner/dp/B098B3789J/ref=sr_1_12?dib=eyJ2IjoiMSJ9.G_Anp2HTpOIOvyPdHJFbyTUiKAqUcFb86CTd8yHdvDezE2moVyGh0DLUCOtYlC1P5YKbnQDqW-n5O8bB5KJdVMuzXh0LigckiGuFrpv7jKVXiWLeNpbHCgfaFnEmMVf-JxTBC2P7cgevR8WXVCIUK6ymcXW53O5IR0x8Lco8RZ8obYGN29GJc4BxxxAm61chC7L05JXtmRt9jmWDnhrrLQ3D8bWzdDDiwNRo-HFnpyMlqNCV-tJ4g7vfCu-tV762JxFWZ8YSdqXBX9M0sBq7JyYton9sFLEZBML4Cqi9tMY.Df4pvUjs5fAqve2WTfg9YKv7Js4of62KWLzTGf1jgVk&dib_tag=se&keywords=glass+cleaner&qid=1757859365&sr=8-12,ml,750.0,0.75,33.333333333333336
9/14/2025,Home,Home,H2-Glass cleaner,Glass cleaner,"DAC Glass Cleaner, Spotless Shining and Streak-Free, 4L",51.0,DAC,amazon,https://www.amazon.sa/-/en/DAC-Cleaner-Spotless-Shining-Streak-Free/dp/B0CT8YMV1R/ref=sr_1_13?dib=eyJ2IjoiMSJ9.G_Anp2HTpOIOvyPdHJFbyTUiKAqUcFb86CTd8yHdvDezE2moVyGh0DLUCOtYlC1P5YKbnQDqW-n5O8bB5KJdVMuzXh0LigckiGuFrpv7jKVXiWLeNpbHCgfaFnEmMVf-JxTBC2P7cgevR8WXVCIUK6ymcXW53O5IR0x8Lco8RZ8obYGN29GJc4BxxxAm61chC7L05JXtmRt9jmWDnhrrLQ3D8bWzdDDiwNRo-HFnpyMlqNCV-tJ4g7vfCu-tV762JxFWZ8YSdqXBX9M0sBq7JyYton9sFLEZBML4Cqi9tMY.Df4pvUjs5fAqve2WTfg9YKv7Js4of62KWLzTGf1jgVk&dib_tag=se&keywords=glass+cleaner&qid=1757859365&sr=8-13,L,4.0,4.0,12.75
9/14/2025,Home,Home,H2-Glass cleaner,Glass cleaner,U-Do Liquid spray Window Cleaner - 700 ml x 2,11.75,U-Do,amazon,https://www.amazon.sa/-/en/U-Do-Liquid-spray-Window-Cleaner/dp/B08D9556WT/ref=sr_1_14?dib=eyJ2IjoiMSJ9.G_Anp2HTpOIOvyPdHJFbyTUiKAqUcFb86CTd8yHdvDezE2moVyGh0DLUCOtYlC1P5YKbnQDqW-n5O8bB5KJdVMuzXh0LigckiGuFrpv7jKVXiWLeNpbHCgfaFnEmMVf-JxTBC2P7cgevR8WXVCIUK6ymcXW53O5IR0x8Lco8RZ8obYGN29GJc4BxxxAm61chC7L05JXtmRt9jmWDnhrrLQ3D8bWzdDDiwNRo-HFnpyMlqNCV-tJ4g7vfCu-tV762JxFWZ8YSdqXBX9M0sBq7JyYton9sFLEZBML4Cqi9tMY.Df4pvUjs5fAqve2WTfg9YKv7Js4of62KWLzTGf1jgVk&dib_tag=se&keywords=glass+cleaner&qid=1757859365&sr=8-14,ml,1400.0,1.4,8.392857142857144
9/14/2025,Home,Home,H2-Glass cleaner,Glass cleaner,Candorax Advanced Glass Cleaner 1 Liter,8.75,CANDORAX,amazon,https://www.amazon.sa/-/en/Candorax-Advanced-Glass-Cleaner-Liter/dp/B0F8QZH6KJ/ref=sr_1_15?dib=eyJ2IjoiMSJ9.G_Anp2HTpOIOvyPdHJFbyTUiKAqUcFb86CTd8yHdvDezE2moVyGh0DLUCOtYlC1P5YKbnQDqW-n5O8bB5KJdVMuzXh0LigckiGuFrpv7jKVXiWLeNpbHCgfaFnEmMVf-JxTBC2P7cgevR8WXVCIUK6ymcXW53O5IR0x8Lco8RZ8obYGN29GJc4BxxxAm61chC7L05JXtmRt9jmWDnhrrLQ3D8bWzdDDiwNRo-HFnpyMlqNCV-tJ4g7vfCu-tV762JxFWZ8YSdqXBX9M0sBq7JyYton9sFLEZBML4Cqi9tMY.Df4pvUjs5fAqve2WTfg9YKv7Js4of62KWLzTGf1jgVk&dib_tag=se&keywords=glass+cleaner&qid=1757859365&sr=8-15,L,1.0,1.0,8.75
9/14/2025,Home,Home,H2-Glass cleaner,Glass cleaner,"Ghadeer Glass Cleaner, Liquid, 4L + 650 ml",27.5,ghadeer,amazon,https://www.amazon.sa/-/en/Ghadeer-Glass-Cleaner-Liquid-650/dp/B0842HY56V/ref=sr_1_16?dib=eyJ2IjoiMSJ9.G_Anp2HTpOIOvyPdHJFbyTUiKAqUcFb86CTd8yHdvDezE2moVyGh0DLUCOtYlC1P5YKbnQDqW-n5O8bB5KJdVMuzXh0LigckiGuFrpv7jKVXiWLeNpbHCgfaFnEmMVf-JxTBC2P7cgevR8WXVCIUK6ymcXW53O5IR0x8Lco8RZ8obYGN29GJc4BxxxAm61chC7L05JXtmRt9jmWDnhrrLQ3D8bWzdDDiwNRo-HFnpyMlqNCV-tJ4g7vfCu-tV762JxFWZ8YSdqXBX9M0sBq7JyYton9sFLEZBML4Cqi9tMY.Df4pvUjs5fAqve2WTfg9YKv7Js4of62KWLzTGf1jgVk&dib_tag=se&keywords=glass+cleaner&qid=1757859365&sr=8-16,L,4.65,4.65,5.913978494623655
9/14/2025,Home,Home,H2-Glass cleaner,Glass cleaner,"JIF Ultra Fast Glass Cleaner Spray, for Window, 100% streak free shine , 500ml",12.95,Jif,amazon,https://www.amazon.sa/-/en/Ultra-Glass-Cleaner-Window-streak/dp/B09SMCHGMH/ref=sr_1_17?dib=eyJ2IjoiMSJ9.G_Anp2HTpOIOvyPdHJFbyTUiKAqUcFb86CTd8yHdvDezE2moVyGh0DLUCOtYlC1P5YKbnQDqW-n5O8bB5KJdVMuzXh0LigckiGuFrpv7jKVXiWLeNpbHCgfaFnEmMVf-JxTBC2P7cgevR8WXVCIUK6ymcXW53O5IR0x8Lco8RZ8obYGN29GJc4BxxxAm61chC7L05JXtmRt9jmWDnhrrLQ3D8bWzdDDiwNRo-HFnpyMlqNCV-tJ4g7vfCu-tV762JxFWZ8YSdqXBX9M0sBq7JyYton9sFLEZBML4Cqi9tMY.Df4pvUjs5fAqve2WTfg9YKv7Js4of62KWLzTGf1jgVk&dib_tag=se&keywords=glass+cleaner&qid=1757859365&sr=8-17,ml,500.0,0.5,25.9
9/14/2025,Home,Home,H2-Glass cleaner,Glass cleaner,"Green Clean Glass Cleaner – Blue – Streak-Free Shine for Windows, Mirrors & Glass Surfaces – 2L - ( BY Al Emlaq )",23.95,Green Clean,amazon,https://www.amazon.sa/-/en/Green-Clean-Glass-Cleaner-Streak-Free/dp/B0871V4SK1/ref=sr_1_18?dib=eyJ2IjoiMSJ9.G_Anp2HTpOIOvyPdHJFbyTUiKAqUcFb86CTd8yHdvDezE2moVyGh0DLUCOtYlC1P5YKbnQDqW-n5O8bB5KJdVMuzXh0LigckiGuFrpv7jKVXiWLeNpbHCgfaFnEmMVf-JxTBC2P7cgevR8WXVCIUK6ymcXW53O5IR0x8Lco8RZ8obYGN29GJc4BxxxAm61chC7L05JXtmRt9jmWDnhrrLQ3D8bWzdDDiwNRo-HFnpyMlqNCV-tJ4g7vfCu-tV762JxFWZ8YSdqXBX9M0sBq7JyYton9sFLEZBML4Cqi9tMY.Df4pvUjs5fAqve2WTfg9YKv7Js4of62KWLzTGf1jgVk&dib_tag=se&keywords=glass+cleaner&qid=1757859365&sr=8-18,L,2.0,2.0,11.975
9/14/2025,Home,Home,H2-Glass cleaner,Glass cleaner,"Windex Lavender Glass Cleaner Spray Bottle, 750ml - Powerful Window Cleaner for Streak-Free Shine - Removes Fingerprints & Smudges, Brightens Home - Fast-Acting Formula for Sparkling Results",14.0,Windex,amazon,https://www.amazon.sa/-/en/Windex-Lavender-Glass-Cleaner-Bottle/dp/B085D3X34B/ref=sr_1_19?dib=eyJ2IjoiMSJ9.G_Anp2HTpOIOvyPdHJFbyTUiKAqUcFb86CTd8yHdvDezE2moVyGh0DLUCOtYlC1P5YKbnQDqW-n5O8bB5KJdVMuzXh0LigckiGuFrpv7jKVXiWLeNpbHCgfaFnEmMVf-JxTBC2P7cgevR8WXVCIUK6ymcXW53O5IR0x8Lco8RZ8obYGN29GJc4BxxxAm61chC7L05JXtmRt9jmWDnhrrLQ3D8bWzdDDiwNRo-HFnpyMlqNCV-tJ4g7vfCu-tV762JxFWZ8YSdqXBX9M0sBq7JyYton9sFLEZBML4Cqi9tMY.Df4pvUjs5fAqve2WTfg9YKv7Js4of62KWLzTGf1jgVk&dib_tag=se&keywords=glass+cleaner&qid=1757859365&sr=8-19,ml,750.0,0.75,18.666666666666668
9/14/2025,Home,Home,H2-Glass cleaner,Glass cleaner,"Sprayway Glass Cleaner Aerosol Spray, 19 oz (Packaging May Vary)",22.75,Sprayway,amazon,https://www.amazon.sa/-/en/Sprayway-Glass-Cleaner-Aerosol-Packaging/dp/B0052V1JA2/ref=sr_1_20?dib=eyJ2IjoiMSJ9.G_Anp2HTpOIOvyPdHJFbyTUiKAqUcFb86CTd8yHdvDezE2moVyGh0DLUCOtYlC1P5YKbnQDqW-n5O8bB5KJdVMuzXh0LigckiGuFrpv7jKVXiWLeNpbHCgfaFnEmMVf-JxTBC2P7cgevR8WXVCIUK6ymcXW53O5IR0x8Lco8RZ8obYGN29GJc4BxxxAm61chC7L05JXtmRt9jmWDnhrrLQ3D8bWzdDDiwNRo-HFnpyMlqNCV-tJ4g7vfCu-tV762JxFWZ8YSdqXBX9M0sBq7JyYton9sFLEZBML4Cqi9tMY.Df4pvUjs5fAqve2WTfg9YKv7Js4of62KWLzTGf1jgVk&dib_tag=se&keywords=glass+cleaner&qid=1757859365&sr=8-20,fl oz,19.0,19.0,1.1973684210526316
9/14/2025,Home,Home,H2-Glass cleaner,Glass cleaner,"Ghadeer Glass Cleaner, Liquid, 650 Ml",8.0,ghadeer,amazon,https://www.amazon.sa/-/en/Ghadeer-Glass-Cleaner-Liquid-650/dp/B07G99M1N7/ref=sr_1_25?dib=eyJ2IjoiMSJ9.G_Anp2HTpOIOvyPdHJFbyTUiKAqUcFb86CTd8yHdvDezE2moVyGh0DLUCOtYlC1P5YKbnQDqW-n5O8bB5KJdVMuzXh0LigckiGuFrpv7jKVXiWLeNpbHCgfaFnEmMVf-JxTBC2P7cgevR8WXVCIUK6ymcXW53O5IR0x8Lco8RZ8obYGN29GJc4BxxxAm61chC7L05JXtmRt9jmWDnhrrLQ3D8bWzdDDiwNRo-HFnpyMlqNCV-tJ4g7vfCu-tV762JxFWZ8YSdqXBX9M0sBq7JyYton9sFLEZBML4Cqi9tMY.Df4pvUjs5fAqve2WTfg9YKv7Js4of62KWLzTGf1jgVk&dib_tag=se&keywords=glass+cleaner&qid=1757859365&sr=8-25,ml,650.0,0.65,12.307692307692308
9/14/2025,Home,Home,H2-Glass cleaner,Glass cleaner,Mobi Glass Cleaner 20 Litre,94.95,MOBI,amazon,https://www.amazon.sa/-/en/Mobi-Glass-Cleaner-20-Litre/dp/B07MGKYWGG/ref=sr_1_27?dib=eyJ2IjoiMSJ9.G_Anp2HTpOIOvyPdHJFbyTUiKAqUcFb86CTd8yHdvDezE2moVyGh0DLUCOtYlC1P5YKbnQDqW-n5O8bB5KJdVMuzXh0LigckiGuFrpv7jKVXiWLeNpbHCgfaFnEmMVf-JxTBC2P7cgevR8WXVCIUK6ymcXW53O5IR0x8Lco8RZ8obYGN29GJc4BxxxAm61chC7L05JXtmRt9jmWDnhrrLQ3D8bWzdDDiwNRo-HFnpyMlqNCV-tJ4g7vfCu-tV762JxFWZ8YSdqXBX9M0sBq7JyYton9sFLEZBML4Cqi9tMY.Df4pvUjs5fAqve2WTfg9YKv7Js4of62KWLzTGf1jgVk&dib_tag=se&keywords=glass+cleaner&qid=1757859365&sr=8-27,L,20.0,20.0,4.7475000000000005
9/14/2025,Home,Home,H2-Glass cleaner,Glass cleaner,"Glass Plus Glass Cleaner Trigger, 32 Ounce",26.35,Glass Plus,amazon,https://www.amazon.sa/-/en/Glass-Plus-Cleaner-Trigger-Ounce/dp/B002QH412S/ref=sr_1_29?dib=eyJ2IjoiMSJ9.G_Anp2HTpOIOvyPdHJFbyTUiKAqUcFb86CTd8yHdvDezE2moVyGh0DLUCOtYlC1P5YKbnQDqW-n5O8bB5KJdVMuzXh0LigckiGuFrpv7jKVXiWLeNpbHCgfaFnEmMVf-JxTBC2P7cgevR8WXVCIUK6ymcXW53O5IR0x8Lco8RZ8obYGN29GJc4BxxxAm61chC7L05JXtmRt9jmWDnhrrLQ3D8bWzdDDiwNRo-HFnpyMlqNCV-tJ4g7vfCu-tV762JxFWZ8YSdqXBX9M0sBq7JyYton9sFLEZBML4Cqi9tMY.Df4pvUjs5fAqve2WTfg9YKv7Js4of62KWLzTGf1jgVk&dib_tag=se&keywords=glass+cleaner&qid=1757859365&sr=8-29,fl oz,32.0,32.0,0.8234375
9/14/2025,Home,Home,H2-Glass cleaner,Glass cleaner,"Bioneat Organic Glass cleaner - Biodegradable, Natural & Non toxic - 750 ml",30.25,Bioneat,amazon,https://www.amazon.sa/-/en/Bioneat-Organic-Glass-cleaner-Biodegradable/dp/B0CDKWYX4Q/ref=sr_1_30?dib=eyJ2IjoiMSJ9.G_Anp2HTpOIOvyPdHJFbyTUiKAqUcFb86CTd8yHdvDezE2moVyGh0DLUCOtYlC1P5YKbnQDqW-n5O8bB5KJdVMuzXh0LigckiGuFrpv7jKVXiWLeNpbHCgfaFnEmMVf-JxTBC2P7cgevR8WXVCIUK6ymcXW53O5IR0x8Lco8RZ8obYGN29GJc4BxxxAm61chC7L05JXtmRt9jmWDnhrrLQ3D8bWzdDDiwNRo-HFnpyMlqNCV-tJ4g7vfCu-tV762JxFWZ8YSdqXBX9M0sBq7JyYton9sFLEZBML4Cqi9tMY.Df4pvUjs5fAqve2WTfg9YKv7Js4of62KWLzTGf1jgVk&dib_tag=se&keywords=glass+cleaner&qid=1757859365&sr=8-30,ml,750.0,0.75,40.333333333333336
9/14/2025,Home,Home,H2-Glass cleaner,Glass cleaner,"HOPE'S Perfect Glass Cleaning Spray, Window, Stove Top, Mirror Cleaner, Streak-Free, Less Wiping, No Residue, 32 Ounce",49.95,HOPE'S,amazon,https://www.amazon.sa/-/en/HOPES-Perfect-Cleaning-Cleaner-Streak-Free/dp/B001FOPQG8/ref=sr_1_31?dib=eyJ2IjoiMSJ9.G_Anp2HTpOIOvyPdHJFbyTUiKAqUcFb86CTd8yHdvDezE2moVyGh0DLUCOtYlC1P5YKbnQDqW-n5O8bB5KJdVMuzXh0LigckiGuFrpv7jKVXiWLeNpbHCgfaFnEmMVf-JxTBC2P7cgevR8WXVCIUK6ymcXW53O5IR0x8Lco8RZ8obYGN29GJc4BxxxAm61chC7L05JXtmRt9jmWDnhrrLQ3D8bWzdDDiwNRo-HFnpyMlqNCV-tJ4g7vfCu-tV762JxFWZ8YSdqXBX9M0sBq7JyYton9sFLEZBML4Cqi9tMY.Df4pvUjs5fAqve2WTfg9YKv7Js4of62KWLzTGf1jgVk&dib_tag=se&keywords=glass+cleaner&qid=1757859365&sr=8-31,fl oz,32.0,32.0,1.5609375
9/14/2025,Home,Home,H2-Glass cleaner,Glass cleaner,"Weiman Glass Cooktop Heavy Duty Cleaner & Polish - Shines and Protects Glass/Ceramic Smooth Top Ranges with its Gentle Formula - 10 Oz., Clear",39.0,Weiman,amazon,https://www.amazon.sa/-/en/Weiman-Glass-Cooktop-Cleaner-Polish/dp/B00009V434/ref=sr_1_33?dib=eyJ2IjoiMSJ9.G_Anp2HTpOIOvyPdHJFbyTUiKAqUcFb86CTd8yHdvDezE2moVyGh0DLUCOtYlC1P5YKbnQDqW-n5O8bB5KJdVMuzXh0LigckiGuFrpv7jKVXiWLeNpbHCgfaFnEmMVf-JxTBC2P7cgevR8WXVCIUK6ymcXW53O5IR0x8Lco8RZ8obYGN29GJc4BxxxAm61chC7L05JXtmRt9jmWDnhrrLQ3D8bWzdDDiwNRo-HFnpyMlqNCV-tJ4g7vfCu-tV762JxFWZ8YSdqXBX9M0sBq7JyYton9sFLEZBML4Cqi9tMY.Df4pvUjs5fAqve2WTfg9YKv7Js4of62KWLzTGf1jgVk&dib_tag=se&keywords=glass+cleaner&qid=1757859365&sr=8-33,fl oz,10.0,10.0,3.9
9/14/2025,Home,Home,H2-Glass cleaner,Glass cleaner,CHEMICAL GUYS Streak Free Window Clean 473 ML (CLD30016),74.21,Chemical Guys,amazon,https://www.amazon.sa/-/en/CHEMICAL-Streak-Window-Clean-CLD30016/dp/B07DQMFLT6/ref=sr_1_34?dib=eyJ2IjoiMSJ9.G_Anp2HTpOIOvyPdHJFbyTUiKAqUcFb86CTd8yHdvDezE2moVyGh0DLUCOtYlC1P5YKbnQDqW-n5O8bB5KJdVMuzXh0LigckiGuFrpv7jKVXiWLeNpbHCgfaFnEmMVf-JxTBC2P7cgevR8WXVCIUK6ymcXW53O5IR0x8Lco8RZ8obYGN29GJc4BxxxAm61chC7L05JXtmRt9jmWDnhrrLQ3D8bWzdDDiwNRo-HFnpyMlqNCV-tJ4g7vfCu-tV762JxFWZ8YSdqXBX9M0sBq7JyYton9sFLEZBML4Cqi9tMY.Df4pvUjs5fAqve2WTfg9YKv7Js4of62KWLzTGf1jgVk&dib_tag=se&keywords=glass+cleaner&qid=1757859365&sr=8-34,ml,473.0,0.473,156.892177589852
9/14/2025,Home,Home,H2-Glass cleaner,Glass cleaner,"Dettol Sparkling Shine Glass Cleaner, helps remove Greasy Residues, Trigger Spray Bottle, 500ml (Pack of 2)",25.9,Dettol,amazon,https://www.amazon.sa/-/en/Dettol-Sparkling-Cleaner-Residues-Trigger/dp/B0F5BNB3DX/ref=sr_1_35?dib=eyJ2IjoiMSJ9.G_Anp2HTpOIOvyPdHJFbyTUiKAqUcFb86CTd8yHdvDezE2moVyGh0DLUCOtYlC1P5YKbnQDqW-n5O8bB5KJdVMuzXh0LigckiGuFrpv7jKVXiWLeNpbHCgfaFnEmMVf-JxTBC2P7cgevR8WXVCIUK6ymcXW53O5IR0x8Lco8RZ8obYGN29GJc4BxxxAm61chC7L05JXtmRt9jmWDnhrrLQ3D8bWzdDDiwNRo-HFnpyMlqNCV-tJ4g7vfCu-tV762JxFWZ8YSdqXBX9M0sBq7JyYton9sFLEZBML4Cqi9tMY.Df4pvUjs5fAqve2WTfg9YKv7Js4of62KWLzTGf1jgVk&dib_tag=se&keywords=glass+cleaner&qid=1757859365&sr=8-35,ml,1000.0,1.0,25.9
9/14/2025,Home,Home,H2-Glass cleaner,Glass cleaner,"Windex Glass and Window Cleaner Spray Bottle, Bottle Made from 100% Recycled Plastic, Original Blue, 23 fl oz",44.75,Windex,amazon,https://www.amazon.sa/-/en/Windex-Cleaner-Recycled-Plastic-Original/dp/B01GFLZ0WU/ref=sr_1_36?dib=eyJ2IjoiMSJ9.G_Anp2HTpOIOvyPdHJFbyTUiKAqUcFb86CTd8yHdvDezE2moVyGh0DLUCOtYlC1P5YKbnQDqW-n5O8bB5KJdVMuzXh0LigckiGuFrpv7jKVXiWLeNpbHCgfaFnEmMVf-JxTBC2P7cgevR8WXVCIUK6ymcXW53O5IR0x8Lco8RZ8obYGN29GJc4BxxxAm61chC7L05JXtmRt9jmWDnhrrLQ3D8bWzdDDiwNRo-HFnpyMlqNCV-tJ4g7vfCu-tV762JxFWZ8YSdqXBX9M0sBq7JyYton9sFLEZBML4Cqi9tMY.Df4pvUjs5fAqve2WTfg9YKv7Js4of62KWLzTGf1jgVk&dib_tag=se&keywords=glass+cleaner&qid=1757859365&sr=8-36,fl oz,23.0,23.0,1.9456521739130437
9/14/2025,Home,Home,H2-Glass cleaner,Glass cleaner,"JIF Ultra Fast Cleaner Spray, Removes dirt & marks, for Window, Fast & easy clean just in 10 seconds, 500ml, Pack of 2",59.0,Jif,amazon,https://www.amazon.sa/-/en/Ultra-Cleaner-Removes-Window-seconds/dp/B086SM23V1/ref=sr_1_37?dib=eyJ2IjoiMSJ9.G_Anp2HTpOIOvyPdHJFbyTUiKAqUcFb86CTd8yHdvDezE2moVyGh0DLUCOtYlC1P5YKbnQDqW-n5O8bB5KJdVMuzXh0LigckiGuFrpv7jKVXiWLeNpbHCgfaFnEmMVf-JxTBC2P7cgevR8WXVCIUK6ymcXW53O5IR0x8Lco8RZ8obYGN29GJc4BxxxAm61chC7L05JXtmRt9jmWDnhrrLQ3D8bWzdDDiwNRo-HFnpyMlqNCV-tJ4g7vfCu-tV762JxFWZ8YSdqXBX9M0sBq7JyYton9sFLEZBML4Cqi9tMY.Df4pvUjs5fAqve2WTfg9YKv7Js4of62KWLzTGf1jgVk&dib_tag=se&keywords=glass+cleaner&qid=1757859365&sr=8-37,ml,500.0,0.5,118.0
9/14/2025,Home,Home,H2-Glass cleaner,Glass cleaner,Go Green Glass Polish 650 Ml,13.8,Go Green,amazon,https://www.amazon.sa/-/en/Go-Green-Glass-Polish-650/dp/B0995RBSFV/ref=sr_1_38?dib=eyJ2IjoiMSJ9.G_Anp2HTpOIOvyPdHJFbyTUiKAqUcFb86CTd8yHdvDezE2moVyGh0DLUCOtYlC1P5YKbnQDqW-n5O8bB5KJdVMuzXh0LigckiGuFrpv7jKVXiWLeNpbHCgfaFnEmMVf-JxTBC2P7cgevR8WXVCIUK6ymcXW53O5IR0x8Lco8RZ8obYGN29GJc4BxxxAm61chC7L05JXtmRt9jmWDnhrrLQ3D8bWzdDDiwNRo-HFnpyMlqNCV-tJ4g7vfCu-tV762JxFWZ8YSdqXBX9M0sBq7JyYton9sFLEZBML4Cqi9tMY.Df4pvUjs5fAqve2WTfg9YKv7Js4of62KWLzTGf1jgVk&dib_tag=se&keywords=glass+cleaner&qid=1757859365&sr=8-38,ml,650.0,0.65,21.23076923076923
9/14/2025,Home,Home,H2-Glass cleaner,Glass cleaner,Armor All GAA32500EN06 Glass Cleaner 500 ml,36.99,Armor All,amazon,https://www.amazon.sa/-/en/Armor-All-GAA32500EN06-Glass-Cleaner/dp/B004D7WV0S/ref=sr_1_39?dib=eyJ2IjoiMSJ9.G_Anp2HTpOIOvyPdHJFbyTUiKAqUcFb86CTd8yHdvDezE2moVyGh0DLUCOtYlC1P5YKbnQDqW-n5O8bB5KJdVMuzXh0LigckiGuFrpv7jKVXiWLeNpbHCgfaFnEmMVf-JxTBC2P7cgevR8WXVCIUK6ymcXW53O5IR0x8Lco8RZ8obYGN29GJc4BxxxAm61chC7L05JXtmRt9jmWDnhrrLQ3D8bWzdDDiwNRo-HFnpyMlqNCV-tJ4g7vfCu-tV762JxFWZ8YSdqXBX9M0sBq7JyYton9sFLEZBML4Cqi9tMY.Df4pvUjs5fAqve2WTfg9YKv7Js4of62KWLzTGf1jgVk&dib_tag=se&keywords=glass+cleaner&qid=1757859365&sr=8-39,ml,500.0,0.5,73.98
9/14/2025,Home,Home,H2-Glass cleaner,Glass cleaner,Delta Glass Cleaner 30L,99.0,Generic,amazon,https://www.amazon.sa/-/en/Generic-Delta-Glass-Cleaner-30L/dp/B0FCG2R6PV/ref=sr_1_44?dib=eyJ2IjoiMSJ9.G_Anp2HTpOIOvyPdHJFbyTUiKAqUcFb86CTd8yHdvDezE2moVyGh0DLUCOtYlC1P5YKbnQDqW-n5O8bB5KJdVMuzXh0LigckiGuFrpv7jKVXiWLeNpbHCgfaFnEmMVf-JxTBC2P7cgevR8WXVCIUK6ymcXW53O5IR0x8Lco8RZ8obYGN29GJc4BxxxAm61chC7L05JXtmRt9jmWDnhrrLQ3D8bWzdDDiwNRo-HFnpyMlqNCV-tJ4g7vfCu-tV762JxFWZ8YSdqXBX9M0sBq7JyYton9sFLEZBML4Cqi9tMY.Df4pvUjs5fAqve2WTfg9YKv7Js4of62KWLzTGf1jgVk&dib_tag=se&keywords=glass+cleaner&qid=1757859365&sr=8-44,L,30.0,30.0,3.3
9/14/2025,Home,Home,H2-Glass cleaner,Glass cleaner,9EASY - Window Glass Cleaner 750ml Pack of 2,6.0,9EASY,mumzworld,https://www.mumzworld.com/sa-en/9easy-window-glass-cleaner-750ml-pack-of-2-959987?source=Search,ml,1500.0,1.5,4.0
9/14/2025,Home,Home,H2-Glass cleaner,Glass cleaner,9EASY - Window & Glass Cleaner 750ml,5.0,9EASY,mumzworld,https://www.mumzworld.com/sa-en/9easy-window-glass-cleaner-750ml-959957?source=Search,ml,750.0,0.75,6.666666666666667
9/14/2025,Home,Home,H2-Glass cleaner,Glass cleaner,Ecover Window Cleaner Spray 0.5L,31.0,Ecover,mumzworld,https://www.mumzworld.com/sa-en/ecover-window-cleaner-spray-0-5l?source=Search,L,0.5,0.5,62.0
9/14/2025,Home,Home,H2-Glass cleaner,Glass cleaner,Method - Glass Cleaning Spray - 828ml,29.0,Method,mumzworld,https://www.mumzworld.com/sa-en/method-glass-spray-828ml?source=Search,ml,828.0,0.828,35.02415458937198
9/14/2025,Home,Home,H2-Glass cleaner,Glass cleaner,Ace Streak and Bleach Free Ammonia Formula Glass Cleaner Liquid Blue 3.78 Liter,46.95,Ace,saco,https://www.saco.sa/en/Ace-Streak-and-Bleach-Free-Ammonia-Formula-Glass-Cleaner-Liquid-Blue-3-78-Liter/p/000000000000919563,L,3.78,3.78,12.420634920634924
9/14/2025,Home,Home,H2-Glass cleaner,Glass cleaner,Karcher WindowVac Streak-Free Fresh Scented Glass Cleaner Concentrate 500ml,42.95,Karcher,saco,https://www.saco.sa/en/Karcher-WindowVac-Streak-Free-Fresh-Scented-Glass-Cleaner-Concentrate-500ml/p/000000000000028919,ml,500.0,0.5,85.9
9/14/2025,Home,Home,H2-Glass cleaner,Glass cleaner,Hope's Ammonia-Free Non-Toxic Trigger Spray Perfect Glass Cleaner 946ml 32PG6,49.95,Hope's,saco,https://www.saco.sa/en/Hope's-Ammonia-Free-Non-Toxic-Trigger-Spray-Perfect-Glass-Cleaner-946ml-32PG6/p/000000000000919676,ml,946.0,0.946,52.801268498942925
9/14/2025,Home,Home,H2-Glass cleaner,Glass cleaner,Krud Kutter Professional Streak-Free Glass Cleaner Spray 946ml 395382,79.95,Krud Kutter,saco,https://www.saco.sa/en/Krud-Kutter-Professional-Streak-Free-Glass-Cleaner-Spray-946ml-395382/p/000000000000100880,ml,946.0,0.946,84.51374207188161
9/14/2025,Home,Home,H2-Glass cleaner,Glass cleaner,Glass Plus Glass Cleaner Blue 32oz,31.95,Glass Plus,saco,https://www.saco.sa/en/Glass-Plus-Glass-Cleaner-Blue-32oz/p/000000000000007389,fl oz,32.0,32.0,0.9984375
9/14/2025,Home,Home,H2-Glass cleaner,Glass cleaner,Krud Kutter Professional Streak-Free Glass Cleaner Liquid Blue 3.78 Liter 395235,79.95,Krud Kutter,saco,https://www.saco.sa/en/Krud-Kutter-Professional-Streak-Free-Glass-Cleaner-Liquid-Blue-3-78-Liter-395235/p/000000000000100881,L,3.78,3.78,21.15079365079365
9/14/2025,Home,Home,H3-Kitchen degreaser,Degreaser,Smac degreaser lemon 650 ml,16.95,Smac,amazon,https://www.amazon.sa/-/en/Smac-degreaser-lemon-650-ml/dp/B0042D5TBG/ref=sr_1_5?dib=eyJ2IjoiMSJ9.-Bd-B9GDKKFX8hCF-DrB2OOSHy4sq6r51Ac5QqUl3TIzsyGH4Q8GRNfm5qDwHwkGDGaC9BoJkDTohu-dAswLCnZX0Z74Rdq5bPFxJgQipSv0rzKcNwzKXSCVSvVWuxK9lcIOxZ1oCbdkRyRo85CCoktT03A9bW_ewj9ef6h1jRK6NwjjOzYxRMHkK6NtTcM2sMUayunhoinMGe1fLqrLnDnIPkAPkE5izmJJ29tbVQ_4ys9nHMEoGXq5M46Yi99nok8xL5fyMPPqeCiZpLwfpE36ptMVYnSjlKwXQj8JMn8.Ip7vsXhqnSRWZABdddTp-_uAm35QCZK7F5pE4hPCr-k&dib_tag=se&keywords=kitchen+degreaser&qid=1757859912&sr=8-5,ml,650.0,0.65,26.07692307692308
9/14/2025,Home,Home,H3-Kitchen degreaser,Degreaser,"JIF Hygienic Foam Spray, powered by bleach, Kitchen for 100% grease removal, 450ml , Package May Vary",12.95,Jif,amazon,https://www.amazon.sa/-/en/Hygienic-powered-Kitchen-removal-Package/dp/B09GXWCHKR/ref=sr_1_6?dib=eyJ2IjoiMSJ9.-Bd-B9GDKKFX8hCF-DrB2OOSHy4sq6r51Ac5QqUl3TIzsyGH4Q8GRNfm5qDwHwkGDGaC9BoJkDTohu-dAswLCnZX0Z74Rdq5bPFxJgQipSv0rzKcNwzKXSCVSvVWuxK9lcIOxZ1oCbdkRyRo85CCoktT03A9bW_ewj9ef6h1jRK6NwjjOzYxRMHkK6NtTcM2sMUayunhoinMGe1fLqrLnDnIPkAPkE5izmJJ29tbVQ_4ys9nHMEoGXq5M46Yi99nok8xL5fyMPPqeCiZpLwfpE36ptMVYnSjlKwXQj8JMn8.Ip7vsXhqnSRWZABdddTp-_uAm35QCZK7F5pE4hPCr-k&dib_tag=se&keywords=kitchen+degreaser&qid=1757859912&sr=8-6,ml,450.0,0.45,28.77777777777777
9/14/2025,Home,Home,H3-Kitchen degreaser,Degreaser,"Dasty Classic Degreaser, Lemon - 100 Uses - Made in Italy - 1 Ltr",19.95,Dasty,amazon,https://www.amazon.sa/-/en/Dasty-Classic-Degreaser-Lemon-Italy/dp/B07PWY4RQY/ref=sr_1_7?dib=eyJ2IjoiMSJ9.-Bd-B9GDKKFX8hCF-DrB2OOSHy4sq6r51Ac5QqUl3TIzsyGH4Q8GRNfm5qDwHwkGDGaC9BoJkDTohu-dAswLCnZX0Z74Rdq5bPFxJgQipSv0rzKcNwzKXSCVSvVWuxK9lcIOxZ1oCbdkRyRo85CCoktT03A9bW_ewj9ef6h1jRK6NwjjOzYxRMHkK6NtTcM2sMUayunhoinMGe1fLqrLnDnIPkAPkE5izmJJ29tbVQ_4ys9nHMEoGXq5M46Yi99nok8xL5fyMPPqeCiZpLwfpE36ptMVYnSjlKwXQj8JMn8.Ip7vsXhqnSRWZABdddTp-_uAm35QCZK7F5pE4hPCr-k&dib_tag=se&keywords=kitchen+degreaser&qid=1757859912&sr=8-7,L,1.0,1.0,19.95
9/14/2025,Home,Home,H3-Kitchen degreaser,Degreaser,"Mr. Muscle Kitchen Spray Cleaner with Grease-Busting Formula - Multipurpose Cleaner Spray for Cooker Hoods, Surfaces & Floors - 500ml (Packaging may vary)",15.95,Mr Muscle,amazon,https://www.amazon.sa/-/en/Muscle-Kitchen-Cleaner-Grease-Busting-Formula/dp/B07P67Q9MR/ref=sr_1_8?dib=eyJ2IjoiMSJ9.-Bd-B9GDKKFX8hCF-DrB2OOSHy4sq6r51Ac5QqUl3TIzsyGH4Q8GRNfm5qDwHwkGDGaC9BoJkDTohu-dAswLCnZX0Z74Rdq5bPFxJgQipSv0rzKcNwzKXSCVSvVWuxK9lcIOxZ1oCbdkRyRo85CCoktT03A9bW_ewj9ef6h1jRK6NwjjOzYxRMHkK6NtTcM2sMUayunhoinMGe1fLqrLnDnIPkAPkE5izmJJ29tbVQ_4ys9nHMEoGXq5M46Yi99nok8xL5fyMPPqeCiZpLwfpE36ptMVYnSjlKwXQj8JMn8.Ip7vsXhqnSRWZABdddTp-_uAm35QCZK7F5pE4hPCr-k&dib_tag=se&keywords=kitchen+degreaser&qid=1757859912&sr=8-8,ml,500.0,0.5,31.9
9/14/2025,Home,Home,H3-Kitchen degreaser,Degreaser,"Clorox Kitchen Cleaner Spray, Lemon Fragrance, 750ml, No Bleach, Kills 99.9% of Germs, 100% Grease and Dirt Remover, Easy to Use",22.0,Clorox,amazon,https://www.amazon.sa/-/en/Clorox-Kitchen-Cleaner-Fragrance-Remover/dp/B07PBKXVSC/ref=sr_1_9?dib=eyJ2IjoiMSJ9.-Bd-B9GDKKFX8hCF-DrB2OOSHy4sq6r51Ac5QqUl3TIzsyGH4Q8GRNfm5qDwHwkGDGaC9BoJkDTohu-dAswLCnZX0Z74Rdq5bPFxJgQipSv0rzKcNwzKXSCVSvVWuxK9lcIOxZ1oCbdkRyRo85CCoktT03A9bW_ewj9ef6h1jRK6NwjjOzYxRMHkK6NtTcM2sMUayunhoinMGe1fLqrLnDnIPkAPkE5izmJJ29tbVQ_4ys9nHMEoGXq5M46Yi99nok8xL5fyMPPqeCiZpLwfpE36ptMVYnSjlKwXQj8JMn8.Ip7vsXhqnSRWZABdddTp-_uAm35QCZK7F5pE4hPCr-k&dib_tag=se&keywords=kitchen+degreaser&qid=1757859912&sr=8-9,ml,750.0,0.75,29.33333333333333
9/14/2025,Home,Home,H3-Kitchen degreaser,Degreaser,"Cetris Multi Purpose Cleaner Spray – Super Strength Degreaser (1 Liter) – Heavy Duty Cleaning Spray for Kitchen, Oven, Bathroom, Carpet, Car Engine, Tires & More.",20.25,Cetris,amazon,https://www.amazon.sa/-/en/Cetris-Multi-Purpose-Cleaner-Spray/dp/B081VN5G5F/ref=sr_1_10?dib=eyJ2IjoiMSJ9.-Bd-B9GDKKFX8hCF-DrB2OOSHy4sq6r51Ac5QqUl3TIzsyGH4Q8GRNfm5qDwHwkGDGaC9BoJkDTohu-dAswLCnZX0Z74Rdq5bPFxJgQipSv0rzKcNwzKXSCVSvVWuxK9lcIOxZ1oCbdkRyRo85CCoktT03A9bW_ewj9ef6h1jRK6NwjjOzYxRMHkK6NtTcM2sMUayunhoinMGe1fLqrLnDnIPkAPkE5izmJJ29tbVQ_4ys9nHMEoGXq5M46Yi99nok8xL5fyMPPqeCiZpLwfpE36ptMVYnSjlKwXQj8JMn8.Ip7vsXhqnSRWZABdddTp-_uAm35QCZK7F5pE4hPCr-k&dib_tag=se&keywords=kitchen+degreaser&qid=1757859912&sr=8-10,L,1.0,1.0,20.25
9/14/2025,Home,Home,H3-Kitchen degreaser,Degreaser,"Clorox Kitchen Cleaner Spray, 750ml, No Bleach, Kills 99.9% of Germs, 100% Grease and Dirt Remover, Easy to Use",20.95,Clorox,amazon,https://www.amazon.sa/-/en/Clorox-Kitchen-Cleaner-Bleach-Remover/dp/B07PCMB869/ref=sr_1_11?dib=eyJ2IjoiMSJ9.-Bd-B9GDKKFX8hCF-DrB2OOSHy4sq6r51Ac5QqUl3TIzsyGH4Q8GRNfm5qDwHwkGDGaC9BoJkDTohu-dAswLCnZX0Z74Rdq5bPFxJgQipSv0rzKcNwzKXSCVSvVWuxK9lcIOxZ1oCbdkRyRo85CCoktT03A9bW_ewj9ef6h1jRK6NwjjOzYxRMHkK6NtTcM2sMUayunhoinMGe1fLqrLnDnIPkAPkE5izmJJ29tbVQ_4ys9nHMEoGXq5M46Yi99nok8xL5fyMPPqeCiZpLwfpE36ptMVYnSjlKwXQj8JMn8.Ip7vsXhqnSRWZABdddTp-_uAm35QCZK7F5pE4hPCr-k&dib_tag=se&keywords=kitchen+degreaser&qid=1757859912&sr=8-11,ml,750.0,0.75,27.933333333333334
9/14/2025,Home,Home,H3-Kitchen degreaser,Degreaser,"JIF Cream Cleaner, With micro crystals technology, Lemon, Eliminates grease, burnt food & limescale stains, 750ml, Packaging May vary.",17.95,Company not found,amazon,https://www.amazon.sa/-/en/Cleaner-crystals-technology-Eliminates-limescale/dp/B076KMPY14/ref=sr_1_14_f3_0o_othai?dib=eyJ2IjoiMSJ9.-Bd-B9GDKKFX8hCF-DrB2OOSHy4sq6r51Ac5QqUl3TIzsyGH4Q8GRNfm5qDwHwkGDGaC9BoJkDTohu-dAswLCnZX0Z74Rdq5bPFxJgQipSv0rzKcNwzKXSCVSvVWuxK9lcIOxZ1oCbdkRyRo85CCoktT03A9bW_ewj9ef6h1jRK6NwjjOzYxRMHkK6NtTcM2sMUayunhoinMGe1fLqrLnDnIPkAPkE5izmJJ29tbVQ_4ys9nHMEoGXq5M46Yi99nok8xL5fyMPPqeCiZpLwfpE36ptMVYnSjlKwXQj8JMn8.Ip7vsXhqnSRWZABdddTp-_uAm35QCZK7F5pE4hPCr-k&dib_tag=se&keywords=kitchen+degreaser&qid=1757859912&sr=8-14,ml,750.0,0.75,23.933333333333334
9/14/2025,Home,Home,H3-Kitchen degreaser,Degreaser,"Goo Gone Kitchen Degreaser - Removes Kitchen Grease, Grime and Baked-on Food - 28 Fl. Oz.",49.75,Goo Gone,amazon,https://www.amazon.sa/-/en/Goo-Gone-Kitchen-Degreaser-Baked/dp/B00LOUDPMU/ref=sr_1_15?dib=eyJ2IjoiMSJ9.-Bd-B9GDKKFX8hCF-DrB2OOSHy4sq6r51Ac5QqUl3TIzsyGH4Q8GRNfm5qDwHwkGDGaC9BoJkDTohu-dAswLCnZX0Z74Rdq5bPFxJgQipSv0rzKcNwzKXSCVSvVWuxK9lcIOxZ1oCbdkRyRo85CCoktT03A9bW_ewj9ef6h1jRK6NwjjOzYxRMHkK6NtTcM2sMUayunhoinMGe1fLqrLnDnIPkAPkE5izmJJ29tbVQ_4ys9nHMEoGXq5M46Yi99nok8xL5fyMPPqeCiZpLwfpE36ptMVYnSjlKwXQj8JMn8.Ip7vsXhqnSRWZABdddTp-_uAm35QCZK7F5pE4hPCr-k&dib_tag=se&keywords=kitchen+degreaser&qid=1757859912&sr=8-15,fl oz,28.0,28.0,1.7767857142857142
9/14/2025,Home,Home,H3-Kitchen degreaser,Degreaser,"Smac Degreasers With Bleach, 650 Ml",16.1,Smac,amazon,https://www.amazon.sa/-/en/Smac-Degreasers-Bleach-650-Ml/dp/B07PCLMHYB/ref=sr_1_20?dib=eyJ2IjoiMSJ9.-Bd-B9GDKKFX8hCF-DrB2OOSHy4sq6r51Ac5QqUl3TIzsyGH4Q8GRNfm5qDwHwkGDGaC9BoJkDTohu-dAswLCnZX0Z74Rdq5bPFxJgQipSv0rzKcNwzKXSCVSvVWuxK9lcIOxZ1oCbdkRyRo85CCoktT03A9bW_ewj9ef6h1jRK6NwjjOzYxRMHkK6NtTcM2sMUayunhoinMGe1fLqrLnDnIPkAPkE5izmJJ29tbVQ_4ys9nHMEoGXq5M46Yi99nok8xL5fyMPPqeCiZpLwfpE36ptMVYnSjlKwXQj8JMn8.Ip7vsXhqnSRWZABdddTp-_uAm35QCZK7F5pE4hPCr-k&dib_tag=se&keywords=kitchen+degreaser&qid=1757859912&sr=8-20,ml,650.0,0.65,24.76923076923077
9/14/2025,Home,Home,H3-Kitchen degreaser,Degreaser,"JIF Cream Cleaner, with micro crystals technology, Original, eliminates grease, burnt food & limescale stains, 500ml",10.95,Jif,amazon,https://www.amazon.sa/-/en/crystals-technology-Original-eliminates-limescale/dp/B07P67PH1X/ref=sr_1_25?dib=eyJ2IjoiMSJ9.-Bd-B9GDKKFX8hCF-DrB2OOSHy4sq6r51Ac5QqUl3TIzsyGH4Q8GRNfm5qDwHwkGDGaC9BoJkDTohu-dAswLCnZX0Z74Rdq5bPFxJgQipSv0rzKcNwzKXSCVSvVWuxK9lcIOxZ1oCbdkRyRo85CCoktT03A9bW_ewj9ef6h1jRK6NwjjOzYxRMHkK6NtTcM2sMUayunhoinMGe1fLqrLnDnIPkAPkE5izmJJ29tbVQ_4ys9nHMEoGXq5M46Yi99nok8xL5fyMPPqeCiZpLwfpE36ptMVYnSjlKwXQj8JMn8.Ip7vsXhqnSRWZABdddTp-_uAm35QCZK7F5pE4hPCr-k&dib_tag=se&keywords=kitchen+degreaser&qid=1757859912&sr=8-25,ml,500.0,0.5,21.9
9/14/2025,Home,Home,H3-Kitchen degreaser,Degreaser,"Jif Ultra Fast Cleaner Spray, for Kitchen, 100% tough grease removal, 470ml",16.95,Jif,amazon,https://www.amazon.sa/-/en/Jif-Cleaner-Kitchen-grease-removal/dp/B0F7XLDHF4/ref=sr_1_26_f3_0o_othai?dib=eyJ2IjoiMSJ9.-Bd-B9GDKKFX8hCF-DrB2OOSHy4sq6r51Ac5QqUl3TIzsyGH4Q8GRNfm5qDwHwkGDGaC9BoJkDTohu-dAswLCnZX0Z74Rdq5bPFxJgQipSv0rzKcNwzKXSCVSvVWuxK9lcIOxZ1oCbdkRyRo85CCoktT03A9bW_ewj9ef6h1jRK6NwjjOzYxRMHkK6NtTcM2sMUayunhoinMGe1fLqrLnDnIPkAPkE5izmJJ29tbVQ_4ys9nHMEoGXq5M46Yi99nok8xL5fyMPPqeCiZpLwfpE36ptMVYnSjlKwXQj8JMn8.Ip7vsXhqnSRWZABdddTp-_uAm35QCZK7F5pE4hPCr-k&dib_tag=se&keywords=kitchen+degreaser&qid=1757859912&sr=8-26,ml,470.0,0.47,36.06382978723404
9/14/2025,Home,Home,H3-Kitchen degreaser,Degreaser,"Easy Off Degreaser, Clear, 32 Ounce /2 Pound (Pack of 1), 99624",49.75,Easy-Off,amazon,https://www.amazon.sa/-/en/Degreaser-Clear-Ounce-Pound-99624/dp/B07KFFMHQF/ref=sr_1_28?dib=eyJ2IjoiMSJ9.-Bd-B9GDKKFX8hCF-DrB2OOSHy4sq6r51Ac5QqUl3TIzsyGH4Q8GRNfm5qDwHwkGDGaC9BoJkDTohu-dAswLCnZX0Z74Rdq5bPFxJgQipSv0rzKcNwzKXSCVSvVWuxK9lcIOxZ1oCbdkRyRo85CCoktT03A9bW_ewj9ef6h1jRK6NwjjOzYxRMHkK6NtTcM2sMUayunhoinMGe1fLqrLnDnIPkAPkE5izmJJ29tbVQ_4ys9nHMEoGXq5M46Yi99nok8xL5fyMPPqeCiZpLwfpE36ptMVYnSjlKwXQj8JMn8.Ip7vsXhqnSRWZABdddTp-_uAm35QCZK7F5pE4hPCr-k&dib_tag=se&keywords=kitchen+degreaser&qid=1757859912&sr=8-28,fl oz,32.0,32.0,1.5546875
9/14/2025,Home,Home,H3-Kitchen degreaser,Degreaser,Dasty Professional Power Degreaser - Extra Strong - Made in Italy - 1 Ltr,20.7,Dasty,amazon,https://www.amazon.sa/-/en/Dasty-Professional-Power-Degreaser-Strong/dp/B09TW13KNV/ref=sr_1_29?dib=eyJ2IjoiMSJ9.-Bd-B9GDKKFX8hCF-DrB2OOSHy4sq6r51Ac5QqUl3TIzsyGH4Q8GRNfm5qDwHwkGDGaC9BoJkDTohu-dAswLCnZX0Z74Rdq5bPFxJgQipSv0rzKcNwzKXSCVSvVWuxK9lcIOxZ1oCbdkRyRo85CCoktT03A9bW_ewj9ef6h1jRK6NwjjOzYxRMHkK6NtTcM2sMUayunhoinMGe1fLqrLnDnIPkAPkE5izmJJ29tbVQ_4ys9nHMEoGXq5M46Yi99nok8xL5fyMPPqeCiZpLwfpE36ptMVYnSjlKwXQj8JMn8.Ip7vsXhqnSRWZABdddTp-_uAm35QCZK7F5pE4hPCr-k&dib_tag=se&keywords=kitchen+degreaser&qid=1757859912&sr=8-29,L,1.0,1.0,20.7
9/14/2025,Home,Home,H3-Kitchen degreaser,Degreaser,"Lawazim Oven Cleaner - Powerful 300ml Degreaser Spray with Quick Drying Formula, Residue-Free, Non-Toxic Design, and Multi-Surface Use - Ideal for Ovens, Grills, Stovetops, and Kitchen Appliances",15.59,Lawazim,amazon,https://www.amazon.sa/-/en/Lawazim-Oven-Cleaner-Residue-Free-Multi-Surface/dp/B0C3ZNLGHN/ref=sr_1_32?dib=eyJ2IjoiMSJ9.-Bd-B9GDKKFX8hCF-DrB2OOSHy4sq6r51Ac5QqUl3TIzsyGH4Q8GRNfm5qDwHwkGDGaC9BoJkDTohu-dAswLCnZX0Z74Rdq5bPFxJgQipSv0rzKcNwzKXSCVSvVWuxK9lcIOxZ1oCbdkRyRo85CCoktT03A9bW_ewj9ef6h1jRK6NwjjOzYxRMHkK6NtTcM2sMUayunhoinMGe1fLqrLnDnIPkAPkE5izmJJ29tbVQ_4ys9nHMEoGXq5M46Yi99nok8xL5fyMPPqeCiZpLwfpE36ptMVYnSjlKwXQj8JMn8.Ip7vsXhqnSRWZABdddTp-_uAm35QCZK7F5pE4hPCr-k&dib_tag=se&keywords=kitchen+degreaser&qid=1757859912&sr=8-32,ml,300.0,0.3,51.96666666666667
9/14/2025,Home,Home,H3-Kitchen degreaser,Degreaser,"Clorox Kitchen Cleaner Spray, 500 ml, No Bleach, Kills 99.9% of Germs, 100% Grease and Dirt Remover, Easy to Use",17.9,Clorox,amazon,https://www.amazon.sa/-/en/Clorox-Kitchen-Cleaner-Bleach-Remover/dp/B07PCFCB7J/ref=sr_1_33?dib=eyJ2IjoiMSJ9.-Bd-B9GDKKFX8hCF-DrB2OOSHy4sq6r51Ac5QqUl3TIzsyGH4Q8GRNfm5qDwHwkGDGaC9BoJkDTohu-dAswLCnZX0Z74Rdq5bPFxJgQipSv0rzKcNwzKXSCVSvVWuxK9lcIOxZ1oCbdkRyRo85CCoktT03A9bW_ewj9ef6h1jRK6NwjjOzYxRMHkK6NtTcM2sMUayunhoinMGe1fLqrLnDnIPkAPkE5izmJJ29tbVQ_4ys9nHMEoGXq5M46Yi99nok8xL5fyMPPqeCiZpLwfpE36ptMVYnSjlKwXQj8JMn8.Ip7vsXhqnSRWZABdddTp-_uAm35QCZK7F5pE4hPCr-k&dib_tag=se&keywords=kitchen+degreaser&qid=1757859912&sr=8-33,ml,500.0,0.5,35.8
9/14/2025,Home,Home,H3-Kitchen degreaser,Degreaser,Goo Gone 14 Oz Kitch Degreaser,39.95,Goo Gone,amazon,https://www.amazon.sa/-/en/Goo-Gone-14-Kitch-Degreaser/dp/B00CHNK5WG/ref=sr_1_35?dib=eyJ2IjoiMSJ9.-Bd-B9GDKKFX8hCF-DrB2OOSHy4sq6r51Ac5QqUl3TIzsyGH4Q8GRNfm5qDwHwkGDGaC9BoJkDTohu-dAswLCnZX0Z74Rdq5bPFxJgQipSv0rzKcNwzKXSCVSvVWuxK9lcIOxZ1oCbdkRyRo85CCoktT03A9bW_ewj9ef6h1jRK6NwjjOzYxRMHkK6NtTcM2sMUayunhoinMGe1fLqrLnDnIPkAPkE5izmJJ29tbVQ_4ys9nHMEoGXq5M46Yi99nok8xL5fyMPPqeCiZpLwfpE36ptMVYnSjlKwXQj8JMn8.Ip7vsXhqnSRWZABdddTp-_uAm35QCZK7F5pE4hPCr-k&dib_tag=se&keywords=kitchen+degreaser&qid=1757859912&sr=8-35,fl oz,14.0,14.0,2.8535714285714286
9/14/2025,Home,Home,H3-Kitchen degreaser,Degreaser,"10-in-1 Kitchen Cleaner,Heavy Duty Degreaser & Multi-Surface Cleaner,Just spray and wipe to clean,99.9% Sterilizing Rate,Cuts Through Stubborn Grease on Hoods, Stoves, Tiles etc. 500ml",16.99,Generic,amazon,https://www.amazon.sa/-/en/Kitchen-Degreaser-Multi-Surface-Sterilizing-Stubborn/dp/B0FH9NW5ZS/ref=sr_1_38?dib=eyJ2IjoiMSJ9.-Bd-B9GDKKFX8hCF-DrB2OOSHy4sq6r51Ac5QqUl3TIzsyGH4Q8GRNfm5qDwHwkGDGaC9BoJkDTohu-dAswLCnZX0Z74Rdq5bPFxJgQipSv0rzKcNwzKXSCVSvVWuxK9lcIOxZ1oCbdkRyRo85CCoktT03A9bW_ewj9ef6h1jRK6NwjjOzYxRMHkK6NtTcM2sMUayunhoinMGe1fLqrLnDnIPkAPkE5izmJJ29tbVQ_4ys9nHMEoGXq5M46Yi99nok8xL5fyMPPqeCiZpLwfpE36ptMVYnSjlKwXQj8JMn8.Ip7vsXhqnSRWZABdddTp-_uAm35QCZK7F5pE4hPCr-k&dib_tag=se&keywords=kitchen+degreaser&qid=1757859912&sr=8-38,ml,500.0,0.5,33.98
9/14/2025,Home,Home,H3-Kitchen degreaser,Degreaser,"JIF Cream Cleaner, with micro crystals technology, Rose, eliminates grease, burnt food & limescale stains 750ml",13.95,Jif,amazon,https://www.amazon.sa/-/en/Cleaner-crystals-technology-eliminates-limescale/dp/B07PBKYFVH/ref=sr_1_41?dib=eyJ2IjoiMSJ9.-Bd-B9GDKKFX8hCF-DrB2OOSHy4sq6r51Ac5QqUl3TIzsyGH4Q8GRNfm5qDwHwkGDGaC9BoJkDTohu-dAswLCnZX0Z74Rdq5bPFxJgQipSv0rzKcNwzKXSCVSvVWuxK9lcIOxZ1oCbdkRyRo85CCoktT03A9bW_ewj9ef6h1jRK6NwjjOzYxRMHkK6NtTcM2sMUayunhoinMGe1fLqrLnDnIPkAPkE5izmJJ29tbVQ_4ys9nHMEoGXq5M46Yi99nok8xL5fyMPPqeCiZpLwfpE36ptMVYnSjlKwXQj8JMn8.Ip7vsXhqnSRWZABdddTp-_uAm35QCZK7F5pE4hPCr-k&dib_tag=se&keywords=kitchen+degreaser&qid=1757859912&sr=8-41,ml,750.0,0.75,18.6
9/14/2025,Home,Home,H3-Kitchen degreaser,Degreaser,Dr. Beckmann Kitchen Cleaner Hygiene and Degreaser 500 ml,45.95,Dr. Beckmann,amazon,https://www.amazon.sa/-/en/Dr-Beckmann-Kitchen-Cleaner-Degreaser/dp/B0D6NCM9S1/ref=sr_1_43?dib=eyJ2IjoiMSJ9.-Bd-B9GDKKFX8hCF-DrB2OOSHy4sq6r51Ac5QqUl3TIzsyGH4Q8GRNfm5qDwHwkGDGaC9BoJkDTohu-dAswLCnZX0Z74Rdq5bPFxJgQipSv0rzKcNwzKXSCVSvVWuxK9lcIOxZ1oCbdkRyRo85CCoktT03A9bW_ewj9ef6h1jRK6NwjjOzYxRMHkK6NtTcM2sMUayunhoinMGe1fLqrLnDnIPkAPkE5izmJJ29tbVQ_4ys9nHMEoGXq5M46Yi99nok8xL5fyMPPqeCiZpLwfpE36ptMVYnSjlKwXQj8JMn8.Ip7vsXhqnSRWZABdddTp-_uAm35QCZK7F5pE4hPCr-k&dib_tag=se&keywords=kitchen+degreaser&qid=1757859912&sr=8-43,ml,500.0,0.5,91.9
9/14/2025,Home,Home,H3-Kitchen degreaser,Degreaser,"ATTITUDE Kitchen Cleaner, EWG Verified, Advanced Degreasing Power, Plant and Mineral-Based, Vegan, Citrus Zest, 27.1 Fl Oz",68.69,Attitude,amazon,https://www.amazon.sa/-/en/ATTITUDE-Verified-Advanced-Degreasing-Mineral-Based/dp/B019WTCV7Y/ref=sr_1_46?dib=eyJ2IjoiMSJ9.-Bd-B9GDKKFX8hCF-DrB2OOSHy4sq6r51Ac5QqUl3TIzsyGH4Q8GRNfm5qDwHwkGDGaC9BoJkDTohu-dAswLCnZX0Z74Rdq5bPFxJgQipSv0rzKcNwzKXSCVSvVWuxK9lcIOxZ1oCbdkRyRo85CCoktT03A9bW_ewj9ef6h1jRK6NwjjOzYxRMHkK6NtTcM2sMUayunhoinMGe1fLqrLnDnIPkAPkE5izmJJ29tbVQ_4ys9nHMEoGXq5M46Yi99nok8xL5fyMPPqeCiZpLwfpE36ptMVYnSjlKwXQj8JMn8.Ip7vsXhqnSRWZABdddTp-_uAm35QCZK7F5pE4hPCr-k&dib_tag=se&keywords=kitchen+degreaser&qid=1757859912&sr=8-46,fl oz,27.1,27.1,2.5346863468634684
9/14/2025,Home,Home,H3-Kitchen degreaser,Degreaser,"Elbow Grease All Purpose Degreaser, 500Ml",55.0,Elbow Grease,amazon,https://www.amazon.sa/-/en/Elbow-Grease-Purpose-Degreaser-500Ml/dp/B07HRWGWWB/ref=sr_1_48?dib=eyJ2IjoiMSJ9.-Bd-B9GDKKFX8hCF-DrB2OOSHy4sq6r51Ac5QqUl3TIzsyGH4Q8GRNfm5qDwHwkGDGaC9BoJkDTohu-dAswLCnZX0Z74Rdq5bPFxJgQipSv0rzKcNwzKXSCVSvVWuxK9lcIOxZ1oCbdkRyRo85CCoktT03A9bW_ewj9ef6h1jRK6NwjjOzYxRMHkK6NtTcM2sMUayunhoinMGe1fLqrLnDnIPkAPkE5izmJJ29tbVQ_4ys9nHMEoGXq5M46Yi99nok8xL5fyMPPqeCiZpLwfpE36ptMVYnSjlKwXQj8JMn8.Ip7vsXhqnSRWZABdddTp-_uAm35QCZK7F5pE4hPCr-k&dib_tag=se&keywords=kitchen+degreaser&qid=1757859912&sr=8-48,ml,500.0,0.5,110.0
9/14/2025,Home,Home,H3-Kitchen degreaser,Degreaser,"Weiman Gas Range Cleaner & Degreaser, 355ml",44.75,Weiman,amazon,https://www.amazon.sa/-/en/Weiman-Range-Cleaner-Degreaser-355ml/dp/B003S7YWT2/ref=sr_1_49?dib=eyJ2IjoiMSJ9.-Bd-B9GDKKFX8hCF-DrB2OOSHy4sq6r51Ac5QqUl3TIzsyGH4Q8GRNfm5qDwHwkGDGaC9BoJkDTohu-dAswLCnZX0Z74Rdq5bPFxJgQipSv0rzKcNwzKXSCVSvVWuxK9lcIOxZ1oCbdkRyRo85CCoktT03A9bW_ewj9ef6h1jRK6NwjjOzYxRMHkK6NtTcM2sMUayunhoinMGe1fLqrLnDnIPkAPkE5izmJJ29tbVQ_4ys9nHMEoGXq5M46Yi99nok8xL5fyMPPqeCiZpLwfpE36ptMVYnSjlKwXQj8JMn8.Ip7vsXhqnSRWZABdddTp-_uAm35QCZK7F5pE4hPCr-k&dib_tag=se&keywords=kitchen+degreaser&qid=1757859912&sr=8-49,ml,355.0,0.355,126.05633802816902
9/14/2025,Home,Home,H3-Kitchen degreaser,Degreaser,Zep Enforcer Heavy-Duty Citrus Degreaser 32 Ounces ZUCIT32,159.12,Zep,amazon,https://www.amazon.sa/-/en/Zep-Enforcer-Heavy-Duty-Degreaser-ZUCIT32/dp/B001PNEVK6/ref=sr_1_50?dib=eyJ2IjoiMSJ9.-Bd-B9GDKKFX8hCF-DrB2OOSHy4sq6r51Ac5QqUl3TIzsyGH4Q8GRNfm5qDwHwkGDGaC9BoJkDTohu-dAswLCnZX0Z74Rdq5bPFxJgQipSv0rzKcNwzKXSCVSvVWuxK9lcIOxZ1oCbdkRyRo85CCoktT03A9bW_ewj9ef6h1jRK6NwjjOzYxRMHkK6NtTcM2sMUayunhoinMGe1fLqrLnDnIPkAPkE5izmJJ29tbVQ_4ys9nHMEoGXq5M46Yi99nok8xL5fyMPPqeCiZpLwfpE36ptMVYnSjlKwXQj8JMn8.Ip7vsXhqnSRWZABdddTp-_uAm35QCZK7F5pE4hPCr-k&dib_tag=se&keywords=kitchen+degreaser&qid=1757859912&sr=8-50,ml,2491.88,2.49188,63.85540234682248
9/14/2025,Home,Home,H3-Kitchen degreaser,Degreaser,9Easy - Multi Degreaser - 750ml,13.0,9Easy,mumzworld,https://www.mumzworld.com/sa-en/9easy-multi-degreaser-750ml?source=Search,ml,750.0,0.75,17.333333333333332
9/14/2025,Home,Home,H3-Kitchen degreaser,Degreaser,9Easy - Multi Degreaser - Pack of 2 - 750ml,20.0,9Easy,mumzworld,https://www.mumzworld.com/sa-en/9easy-multi-degreaser-pack-of-2-750ml?source=Search,ml,1500.0,1.5,13.333333333333334
9/14/2025,Home,Home,H3-Kitchen degreaser,Degreaser,Goo Gone Kitchen Degreaser 14oz 2047,39.95,Goo Gone,saco,https://www.saco.sa/en/Goo-Gone-Kitchen-Degreaser-14oz-2047/p/000000000000037403,fl oz,14.0,14.0,2.8535714285714286
9/14/2025,Home,Home,H3-Kitchen degreaser,Degreaser,Weiman Heavy Duty Gas Cooktop and Oven Cleaner and Degreaser 710ml 598,59.95,Weiman,saco,https://www.saco.sa/en/Weiman-Heavy-Duty-Gas-Cooktop-and-Oven-Cleaner-and-Degreaser-710ml-598/p/000000000000102463,ml,710.0,0.71,84.43661971830987
9/14/2025,Home,Home,H3-Kitchen degreaser,Degreaser,Goof Off Power Cleaner and Degreaser 32oz,69.95,Goof Off,saco,https://www.saco.sa/en/Goof-Off-Power-Cleaner-and-Degreaser-32oz/p/000000000000045727,fl oz,32.0,32.0,2.1859375
9/14/2025,Home,Home,H3-Kitchen degreaser,Degreaser,"Weiman Heavy Duty Multi Surface Gas Range Degreaser Spray for Stoves, Pots, Pans and Bakeware 355 ml",39.95,Weiman,saco,"https://www.saco.sa/en/Weiman-Heavy-Duty-Multi-Surface-Gas-Range-Degreaser-Spray-for-Stoves,-Pots,-Pans-and-Bakeware-355-ml/p/000000000000034328",ml,355.0,0.355,112.53521126760565
9/14/2025,Home,Home,H3-Kitchen degreaser,Degreaser,Ma-Fra HP12 Multi-Purpose Degreaser 500ml,36.95,Ma-Fra,saco,https://www.saco.sa/en/Ma-Fra-HP12-Multi-Purpose-Degreaser-500ml/p/000000000000043578,ml,500.0,0.5,73.9
9/14/2025,Home,Home,H3-Kitchen degreaser,Degreaser,Jif Ultra Fast Bleach Enriched Grease Remover Kitchen Spray Clear 500ml 69586064,19.95,Jif,saco,https://www.saco.sa/en/Jif-Ultra-Fast-Bleach-Enriched-Grease-Remover-Kitchen-Spray-Clear-500ml-69586064/p/000000000000091202,ml,500.0,0.5,39.9
9/14/2025,Home,Home,H3-Oven and grill cleaner,Degreaser,Mr. Muscle Oven Cleaner Spray - Powerful Grease & Grime Remover - Fast-Acting Foam Formula Restores Shine Without Scrubbing - Deep Cleaning Action Tackles Burnt-on Food - 300ml,15.95,Mr Muscle,amazon,https://www.amazon.sa/-/en/Muscle-Oven-Cleaner-Spray-Burnt/dp/B07PR8LTWQ/ref=sr_1_5?dib=eyJ2IjoiMSJ9.jOFxM8NDGYSIs6qytkgTGXzbb9pbnFbiXUN4rR9Ry5Keh97q171GwN6p-d7_5RVzENN4XXxH9CQe-3feyLUKsn3JQuJakdl8TnvlSPh-nUpKd6eBFnzIGebp-uaySFVc2TcmUEmJmVqrPOaz7abeIeBVLH8I_Mb4jSLrR7D18V47T_ZSDV3gjXRnE4QfCZ8FbE4hSSRpAuoOHI7docnneYjsGpCvYIc_J6VV8fFjbzo7VptzciUv4K6euUe00gOJuQS9DOoFms3ep4tyE14S8UPL55jnMW-vgino9mfYdJA.Q9QqwhSpS0RT1XlMkBVwpZy5pZHHQdKz5c5cXgvCqdM&dib_tag=se&keywords=oven+and+grill+cleaner&qid=1757860602&sr=8-5,ml,300.0,0.3,53.16666666666666
9/14/2025,Home,Home,H3-Oven and grill cleaner,Degreaser,Carbona 2-In-1 Oven Rack And Grill Cleaner Bagged 16.8 Oz,62.95,Carbona,amazon,https://www.amazon.sa/-/en/Carbona-Oven-Grill-Cleaner-Bagged/dp/B002Z8WKNU/ref=sr_1_6?dib=eyJ2IjoiMSJ9.jOFxM8NDGYSIs6qytkgTGXzbb9pbnFbiXUN4rR9Ry5Keh97q171GwN6p-d7_5RVzENN4XXxH9CQe-3feyLUKsn3JQuJakdl8TnvlSPh-nUpKd6eBFnzIGebp-uaySFVc2TcmUEmJmVqrPOaz7abeIeBVLH8I_Mb4jSLrR7D18V47T_ZSDV3gjXRnE4QfCZ8FbE4hSSRpAuoOHI7docnneYjsGpCvYIc_J6VV8fFjbzo7VptzciUv4K6euUe00gOJuQS9DOoFms3ep4tyE14S8UPL55jnMW-vgino9mfYdJA.Q9QqwhSpS0RT1XlMkBVwpZy5pZHHQdKz5c5cXgvCqdM&dib_tag=se&keywords=oven+and+grill+cleaner&qid=1757860602&sr=8-6,ml,500.0,0.5,125.9
9/14/2025,Home,Home,H3-Oven and grill cleaner,Degreaser,Goo Gone Oven and Grill Cleaner - 14 Ounce - Removes Tough Baked On Grease and Food Spills Surface Safe,44.75,Goo Gone,amazon,https://www.amazon.sa/-/en/Goo-Gone-Oven-Grill-Cleaner/dp/B00BYQD39Y/ref=sr_1_7?dib=eyJ2IjoiMSJ9.jOFxM8NDGYSIs6qytkgTGXzbb9pbnFbiXUN4rR9Ry5Keh97q171GwN6p-d7_5RVzENN4XXxH9CQe-3feyLUKsn3JQuJakdl8TnvlSPh-nUpKd6eBFnzIGebp-uaySFVc2TcmUEmJmVqrPOaz7abeIeBVLH8I_Mb4jSLrR7D18V47T_ZSDV3gjXRnE4QfCZ8FbE4hSSRpAuoOHI7docnneYjsGpCvYIc_J6VV8fFjbzo7VptzciUv4K6euUe00gOJuQS9DOoFms3ep4tyE14S8UPL55jnMW-vgino9mfYdJA.Q9QqwhSpS0RT1XlMkBVwpZy5pZHHQdKz5c5cXgvCqdM&dib_tag=se&keywords=oven+and+grill+cleaner&qid=1757860602&sr=8-7,fl oz,14.0,14.0,3.196428571428572
9/14/2025,Home,Home,H3-Oven and grill cleaner,Degreaser,"Easy Off Heavy Duty Oven Cleaner, Destroys Tough Burnt on Food and Grease, Fresh Scent, 14.5 oz Can",47.75,Easy Off,amazon,https://www.amazon.sa/-/en/Easy-Off-Cleaner-Destroys-Grease/dp/B00D3LO25C/ref=sr_1_8?dib=eyJ2IjoiMSJ9.jOFxM8NDGYSIs6qytkgTGXzbb9pbnFbiXUN4rR9Ry5Keh97q171GwN6p-d7_5RVzENN4XXxH9CQe-3feyLUKsn3JQuJakdl8TnvlSPh-nUpKd6eBFnzIGebp-uaySFVc2TcmUEmJmVqrPOaz7abeIeBVLH8I_Mb4jSLrR7D18V47T_ZSDV3gjXRnE4QfCZ8FbE4hSSRpAuoOHI7docnneYjsGpCvYIc_J6VV8fFjbzo7VptzciUv4K6euUe00gOJuQS9DOoFms3ep4tyE14S8UPL55jnMW-vgino9mfYdJA.Q9QqwhSpS0RT1XlMkBVwpZy5pZHHQdKz5c5cXgvCqdM&dib_tag=se&keywords=oven+and+grill+cleaner&qid=1757860602&sr=8-8,fl oz,14.5,14.5,3.293103448275862
9/14/2025,Home,Home,H3-Oven and grill cleaner,Degreaser,OVENEX Oven Cleaner - 400 mL - Effective Solvent Without harmful smell,6.95,OVENEX,amazon,https://www.amazon.sa/-/en/OVENEX-Oven-Cleaner-Effective-Solvent/dp/B08TX5YK47/ref=sr_1_9?dib=eyJ2IjoiMSJ9.jOFxM8NDGYSIs6qytkgTGXzbb9pbnFbiXUN4rR9Ry5Keh97q171GwN6p-d7_5RVzENN4XXxH9CQe-3feyLUKsn3JQuJakdl8TnvlSPh-nUpKd6eBFnzIGebp-uaySFVc2TcmUEmJmVqrPOaz7abeIeBVLH8I_Mb4jSLrR7D18V47T_ZSDV3gjXRnE4QfCZ8FbE4hSSRpAuoOHI7docnneYjsGpCvYIc_J6VV8fFjbzo7VptzciUv4K6euUe00gOJuQS9DOoFms3ep4tyE14S8UPL55jnMW-vgino9mfYdJA.Q9QqwhSpS0RT1XlMkBVwpZy5pZHHQdKz5c5cXgvCqdM&dib_tag=se&keywords=oven+and+grill+cleaner&qid=1757860602&sr=8-9,ml,400.0,0.4,17.375
9/14/2025,Home,Home,H3-Oven and grill cleaner,Degreaser,"Dr.Beckmann Oven Cleaner With Powerful Active Gel|Odourless Gel Formula|Suitable For Burnt On Food, Bbq & Grills,Tough Stains|Indoor/Outdoor|Home Cleaning Essentials-375Ml",24.0,Dr. Beckmann,amazon,https://www.amazon.sa/-/en/Dr-Beckmann-Powerful-Odourless-Suitable-Essentials-375Ml/dp/B00CDY2OO6/ref=sr_1_10?dib=eyJ2IjoiMSJ9.jOFxM8NDGYSIs6qytkgTGXzbb9pbnFbiXUN4rR9Ry5Keh97q171GwN6p-d7_5RVzENN4XXxH9CQe-3feyLUKsn3JQuJakdl8TnvlSPh-nUpKd6eBFnzIGebp-uaySFVc2TcmUEmJmVqrPOaz7abeIeBVLH8I_Mb4jSLrR7D18V47T_ZSDV3gjXRnE4QfCZ8FbE4hSSRpAuoOHI7docnneYjsGpCvYIc_J6VV8fFjbzo7VptzciUv4K6euUe00gOJuQS9DOoFms3ep4tyE14S8UPL55jnMW-vgino9mfYdJA.Q9QqwhSpS0RT1XlMkBVwpZy5pZHHQdKz5c5cXgvCqdM&dib_tag=se&keywords=oven+and+grill+cleaner&qid=1757860602&sr=8-10,ml,375.0,0.375,64.0
9/14/2025,Home,Home,H3-Oven and grill cleaner,Degreaser,"Organic Oven Cleaner - Heavy Degreaser, Biodegradable, Eco friendly & Non toxic - 750 ml",68.89,Bioneat,amazon,https://www.amazon.sa/-/en/Organic-Oven-Cleaner-Degreaser-Biodegradable/dp/B0CNLTD2BH/ref=sr_1_13?dib=eyJ2IjoiMSJ9.jOFxM8NDGYSIs6qytkgTGXzbb9pbnFbiXUN4rR9Ry5Keh97q171GwN6p-d7_5RVzENN4XXxH9CQe-3feyLUKsn3JQuJakdl8TnvlSPh-nUpKd6eBFnzIGebp-uaySFVc2TcmUEmJmVqrPOaz7abeIeBVLH8I_Mb4jSLrR7D18V47T_ZSDV3gjXRnE4QfCZ8FbE4hSSRpAuoOHI7docnneYjsGpCvYIc_J6VV8fFjbzo7VptzciUv4K6euUe00gOJuQS9DOoFms3ep4tyE14S8UPL55jnMW-vgino9mfYdJA.Q9QqwhSpS0RT1XlMkBVwpZy5pZHHQdKz5c5cXgvCqdM&dib_tag=se&keywords=oven+and+grill+cleaner&qid=1757860602&sr=8-13,ml,750.0,0.75,91.85333333333334
9/14/2025,Home,Home,H3-Oven and grill cleaner,Degreaser,"Mobi Oven Cleaner, 400 ml- Pack of 1",11.95,MOBI,amazon,https://www.amazon.sa/-/en/Mobi-Oven-Cleaner-400-Pack/dp/B07MN69S32/ref=sr_1_16?dib=eyJ2IjoiMSJ9.jOFxM8NDGYSIs6qytkgTGXzbb9pbnFbiXUN4rR9Ry5Keh97q171GwN6p-d7_5RVzENN4XXxH9CQe-3feyLUKsn3JQuJakdl8TnvlSPh-nUpKd6eBFnzIGebp-uaySFVc2TcmUEmJmVqrPOaz7abeIeBVLH8I_Mb4jSLrR7D18V47T_ZSDV3gjXRnE4QfCZ8FbE4hSSRpAuoOHI7docnneYjsGpCvYIc_J6VV8fFjbzo7VptzciUv4K6euUe00gOJuQS9DOoFms3ep4tyE14S8UPL55jnMW-vgino9mfYdJA.Q9QqwhSpS0RT1XlMkBVwpZy5pZHHQdKz5c5cXgvCqdM&dib_tag=se&keywords=oven+and+grill+cleaner&qid=1757860602&sr=8-16,ml,400.0,0.4,29.875
9/14/2025,Home,Home,H3-Oven and grill cleaner,Degreaser,"Lawazim Oven Cleaner - Powerful 300ml Degreaser Spray with Quick Drying Formula, Residue-Free, Non-Toxic Design, and Multi-Surface Use - Ideal for Ovens, Grills, Stovetops, and Kitchen Appliances",15.59,Lawazim,amazon,https://www.amazon.sa/-/en/Lawazim-Oven-Cleaner-Residue-Free-Multi-Surface/dp/B0C3ZNLGHN/ref=sr_1_18?dib=eyJ2IjoiMSJ9.jOFxM8NDGYSIs6qytkgTGXzbb9pbnFbiXUN4rR9Ry5Keh97q171GwN6p-d7_5RVzENN4XXxH9CQe-3feyLUKsn3JQuJakdl8TnvlSPh-nUpKd6eBFnzIGebp-uaySFVc2TcmUEmJmVqrPOaz7abeIeBVLH8I_Mb4jSLrR7D18V47T_ZSDV3gjXRnE4QfCZ8FbE4hSSRpAuoOHI7docnneYjsGpCvYIc_J6VV8fFjbzo7VptzciUv4K6euUe00gOJuQS9DOoFms3ep4tyE14S8UPL55jnMW-vgino9mfYdJA.Q9QqwhSpS0RT1XlMkBVwpZy5pZHHQdKz5c5cXgvCqdM&dib_tag=se&keywords=oven+and+grill+cleaner&qid=1757860602&sr=8-18,ml,300.0,0.3,51.96666666666667
9/14/2025,Home,Home,H3-Oven and grill cleaner,Degreaser,"Easy-Off Professional Oven & Grill Cleaner, 24 oz Can",152.98,Easy-Off,amazon,https://www.amazon.sa/-/en/Easy-Off-Professional-Oven-Grill-Cleaner/dp/B000JKCY8M/ref=sr_1_19?dib=eyJ2IjoiMSJ9.jOFxM8NDGYSIs6qytkgTGXzbb9pbnFbiXUN4rR9Ry5Keh97q171GwN6p-d7_5RVzENN4XXxH9CQe-3feyLUKsn3JQuJakdl8TnvlSPh-nUpKd6eBFnzIGebp-uaySFVc2TcmUEmJmVqrPOaz7abeIeBVLH8I_Mb4jSLrR7D18V47T_ZSDV3gjXRnE4QfCZ8FbE4hSSRpAuoOHI7docnneYjsGpCvYIc_J6VV8fFjbzo7VptzciUv4K6euUe00gOJuQS9DOoFms3ep4tyE14S8UPL55jnMW-vgino9mfYdJA.Q9QqwhSpS0RT1XlMkBVwpZy5pZHHQdKz5c5cXgvCqdM&dib_tag=se&keywords=oven+and+grill+cleaner&qid=1757860602&sr=8-19,fl oz,24.0,24.0,6.3741666666666665
9/14/2025,Home,Home,H3-Oven and grill cleaner,Degreaser,Goo Gone 24OZ Grill Cleaner,49.95,Goo Gone,amazon,https://www.amazon.sa/-/en/Goo-Gone-24OZ-Grill-Cleaner/dp/B008MMTE8M/ref=sr_1_25?dib=eyJ2IjoiMSJ9.jOFxM8NDGYSIs6qytkgTGXzbb9pbnFbiXUN4rR9Ry5Keh97q171GwN6p-d7_5RVzENN4XXxH9CQe-3feyLUKsn3JQuJakdl8TnvlSPh-nUpKd6eBFnzIGebp-uaySFVc2TcmUEmJmVqrPOaz7abeIeBVLH8I_Mb4jSLrR7D18V47T_ZSDV3gjXRnE4QfCZ8FbE4hSSRpAuoOHI7docnneYjsGpCvYIc_J6VV8fFjbzo7VptzciUv4K6euUe00gOJuQS9DOoFms3ep4tyE14S8UPL55jnMW-vgino9mfYdJA.Q9QqwhSpS0RT1XlMkBVwpZy5pZHHQdKz5c5cXgvCqdM&dib_tag=se&keywords=oven+and+grill+cleaner&qid=1757860602&sr=8-25,fl oz,24.0,24.0,2.0812500000000003
9/14/2025,Home,Home,H3-Oven and grill cleaner,Degreaser,"Safco By Safco Oven Cooktop And Oven Cleaners, 1 Liter",11.75,Safco,amazon,https://www.amazon.sa/-/en/Safco-Oven-Cooktop-Cleaners-Liter/dp/B089G7DQX2/ref=sr_1_27?dib=eyJ2IjoiMSJ9.jOFxM8NDGYSIs6qytkgTGXzbb9pbnFbiXUN4rR9Ry5Keh97q171GwN6p-d7_5RVzENN4XXxH9CQe-3feyLUKsn3JQuJakdl8TnvlSPh-nUpKd6eBFnzIGebp-uaySFVc2TcmUEmJmVqrPOaz7abeIeBVLH8I_Mb4jSLrR7D18V47T_ZSDV3gjXRnE4QfCZ8FbE4hSSRpAuoOHI7docnneYjsGpCvYIc_J6VV8fFjbzo7VptzciUv4K6euUe00gOJuQS9DOoFms3ep4tyE14S8UPL55jnMW-vgino9mfYdJA.Q9QqwhSpS0RT1XlMkBVwpZy5pZHHQdKz5c5cXgvCqdM&dib_tag=se&keywords=oven+and+grill+cleaner&qid=1757860602&sr=8-27,L,1.0,1.0,11.75
9/14/2025,Home,Home,H3-Oven and grill cleaner,Degreaser,Go Green Kitchen Oven Cleaner 1 Litre,14.95,Go Green,amazon,https://www.amazon.sa/-/en/Go-Green-Kitchen-Cleaner-Litre/dp/B0995Q68MB/ref=sr_1_29?dib=eyJ2IjoiMSJ9.jOFxM8NDGYSIs6qytkgTGXzbb9pbnFbiXUN4rR9Ry5Keh97q171GwN6p-d7_5RVzENN4XXxH9CQe-3feyLUKsn3JQuJakdl8TnvlSPh-nUpKd6eBFnzIGebp-uaySFVc2TcmUEmJmVqrPOaz7abeIeBVLH8I_Mb4jSLrR7D18V47T_ZSDV3gjXRnE4QfCZ8FbE4hSSRpAuoOHI7docnneYjsGpCvYIc_J6VV8fFjbzo7VptzciUv4K6euUe00gOJuQS9DOoFms3ep4tyE14S8UPL55jnMW-vgino9mfYdJA.Q9QqwhSpS0RT1XlMkBVwpZy5pZHHQdKz5c5cXgvCqdM&dib_tag=se&keywords=oven+and+grill+cleaner&qid=1757860602&sr=8-29,L,1.0,1.0,14.95
9/14/2025,Home,Home,H3-Oven and grill cleaner,Degreaser,Candorax Daily Routine Oven Cleaner Spray 500 ml,9.45,CANDORAX,amazon,https://www.amazon.sa/-/en/Candorax-Daily-Routine-Cleaner-Spray/dp/B0FDLCKMKT/ref=sr_1_30?dib=eyJ2IjoiMSJ9.jOFxM8NDGYSIs6qytkgTGXzbb9pbnFbiXUN4rR9Ry5Keh97q171GwN6p-d7_5RVzENN4XXxH9CQe-3feyLUKsn3JQuJakdl8TnvlSPh-nUpKd6eBFnzIGebp-uaySFVc2TcmUEmJmVqrPOaz7abeIeBVLH8I_Mb4jSLrR7D18V47T_ZSDV3gjXRnE4QfCZ8FbE4hSSRpAuoOHI7docnneYjsGpCvYIc_J6VV8fFjbzo7VptzciUv4K6euUe00gOJuQS9DOoFms3ep4tyE14S8UPL55jnMW-vgino9mfYdJA.Q9QqwhSpS0RT1XlMkBVwpZy5pZHHQdKz5c5cXgvCqdM&dib_tag=se&keywords=oven+and+grill+cleaner&qid=1757860602&sr=8-30,ml,500.0,0.5,18.9
9/14/2025,Home,Home,H3-Oven and grill cleaner,Degreaser,"Easy Off Degreaser, Clear, 32 Ounce /2 Pound (Pack of 1), 99624",49.75,Easy-Off,amazon,https://www.amazon.sa/-/en/Degreaser-Clear-Ounce-Pound-99624/dp/B07KFFMHQF/ref=sr_1_36?dib=eyJ2IjoiMSJ9.jOFxM8NDGYSIs6qytkgTGXzbb9pbnFbiXUN4rR9Ry5Keh97q171GwN6p-d7_5RVzENN4XXxH9CQe-3feyLUKsn3JQuJakdl8TnvlSPh-nUpKd6eBFnzIGebp-uaySFVc2TcmUEmJmVqrPOaz7abeIeBVLH8I_Mb4jSLrR7D18V47T_ZSDV3gjXRnE4QfCZ8FbE4hSSRpAuoOHI7docnneYjsGpCvYIc_J6VV8fFjbzo7VptzciUv4K6euUe00gOJuQS9DOoFms3ep4tyE14S8UPL55jnMW-vgino9mfYdJA.Q9QqwhSpS0RT1XlMkBVwpZy5pZHHQdKz5c5cXgvCqdM&dib_tag=se&keywords=oven+and+grill+cleaner&qid=1757860602&sr=8-36,fl oz,32.0,32.0,1.5546875
9/14/2025,Home,Home,H3-Oven and grill cleaner,Degreaser,"Kingsford Grilling BB0131 Cleaner, 1 Pack",118.05,Kingsford,amazon,https://www.amazon.sa/-/en/Kingsford-Grilling-BB0131-Cleaner-Pack/dp/B078GPFMN1/ref=sr_1_37?dib=eyJ2IjoiMSJ9.jOFxM8NDGYSIs6qytkgTGXzbb9pbnFbiXUN4rR9Ry5Keh97q171GwN6p-d7_5RVzENN4XXxH9CQe-3feyLUKsn3JQuJakdl8TnvlSPh-nUpKd6eBFnzIGebp-uaySFVc2TcmUEmJmVqrPOaz7abeIeBVLH8I_Mb4jSLrR7D18V47T_ZSDV3gjXRnE4QfCZ8FbE4hSSRpAuoOHI7docnneYjsGpCvYIc_J6VV8fFjbzo7VptzciUv4K6euUe00gOJuQS9DOoFms3ep4tyE14S8UPL55jnMW-vgino9mfYdJA.Q9QqwhSpS0RT1XlMkBVwpZy5pZHHQdKz5c5cXgvCqdM&dib_tag=se&keywords=oven+and+grill+cleaner&qid=1757860602&sr=8-37,fl oz,14.5,14.5,8.141379310344828
9/14/2025,Home,Home,H3-Oven and grill cleaner,Degreaser,"Method Heavy Duty Degreaser, Lemongrass Scent, Oven Cleaner & Stove Top Cleaner, 28 Oz Spray Bottle (Pack of 1),(Packaging may vary)",98.0,Method,amazon,https://www.amazon.sa/-/en/Method-Degreaser-Lemongrass-Cleaner-Packaging/dp/B077NPFTGR/ref=sr_1_43?dib=eyJ2IjoiMSJ9.jOFxM8NDGYSIs6qytkgTGXzbb9pbnFbiXUN4rR9Ry5Keh97q171GwN6p-d7_5RVzENN4XXxH9CQe-3feyLUKsn3JQuJakdl8TnvlSPh-nUpKd6eBFnzIGebp-uaySFVc2TcmUEmJmVqrPOaz7abeIeBVLH8I_Mb4jSLrR7D18V47T_ZSDV3gjXRnE4QfCZ8FbE4hSSRpAuoOHI7docnneYjsGpCvYIc_J6VV8fFjbzo7VptzciUv4K6euUe00gOJuQS9DOoFms3ep4tyE14S8UPL55jnMW-vgino9mfYdJA.Q9QqwhSpS0RT1XlMkBVwpZy5pZHHQdKz5c5cXgvCqdM&dib_tag=se&keywords=oven+and+grill+cleaner&qid=1757860602&sr=8-43,fl oz,28.0,28.0,3.5
9/14/2025,Home,Home,H3-Oven and grill cleaner,Degreaser,"Rust-Oleum Krud Kutter Oven and Grill Cleaner, 12 oz",43.25,Rust-Oleum,amazon,https://www.amazon.sa/-/en/Rust-Oleum-Krud-Kutter-Grill-Cleaner/dp/B01N3S6TB7/ref=sr_1_49?dib=eyJ2IjoiMSJ9.jOFxM8NDGYSIs6qytkgTGXzbb9pbnFbiXUN4rR9Ry5Keh97q171GwN6p-d7_5RVzENN4XXxH9CQe-3feyLUKsn3JQuJakdl8TnvlSPh-nUpKd6eBFnzIGebp-uaySFVc2TcmUEmJmVqrPOaz7abeIeBVLH8I_Mb4jSLrR7D18V47T_ZSDV3gjXRnE4QfCZ8FbE4hSSRpAuoOHI7docnneYjsGpCvYIc_J6VV8fFjbzo7VptzciUv4K6euUe00gOJuQS9DOoFms3ep4tyE14S8UPL55jnMW-vgino9mfYdJA.Q9QqwhSpS0RT1XlMkBVwpZy5pZHHQdKz5c5cXgvCqdM&dib_tag=se&keywords=oven+and+grill+cleaner&qid=1757860602&sr=8-49,ml,414.03,0.4140299999999999,104.46102939400528
9/14/2025,Home,Home,H3-Oven and grill cleaner,Degreaser,"Goo Gone Grill and Grate Cleaner Spray (2 Pack) Cleans and Degreases BBQ Cooking Grates and Racks, Pellet and Electric Smokers- 24 Ounce",154.49,Goo Gone,amazon,https://www.amazon.sa/-/en/Goo-Gone-Degreases-Electric-Smokers/dp/B07J9RS54R/ref=sr_1_51?dib=eyJ2IjoiMSJ9.jOFxM8NDGYSIs6qytkgTGXzbb9pbnFbiXUN4rR9Ry5Keh97q171GwN6p-d7_5RVzENN4XXxH9CQe-3feyLUKsn3JQuJakdl8TnvlSPh-nUpKd6eBFnzIGebp-uaySFVc2TcmUEmJmVqrPOaz7abeIeBVLH8I_Mb4jSLrR7D18V47T_ZSDV3gjXRnE4QfCZ8FbE4hSSRpAuoOHI7docnneYjsGpCvYIc_J6VV8fFjbzo7VptzciUv4K6euUe00gOJuQS9DOoFms3ep4tyE14S8UPL55jnMW-vgino9mfYdJA.Q9QqwhSpS0RT1XlMkBVwpZy5pZHHQdKz5c5cXgvCqdM&dib_tag=se&keywords=oven+and+grill+cleaner&qid=1757860602&sr=8-51,fl oz,24.0,24.0,6.437083333333334
9/14/2025,Home,Home,H3-Oven and grill cleaner,Degreaser,Goo Gone Grill and Grate Cleaner - 24 oz.,47.95,Goo Gone,amazon,https://www.amazon.sa/-/en/Goo-Gone-Grill-Grate-Cleaner/dp/B07Q24GJYX/ref=sr_1_53?dib=eyJ2IjoiMSJ9.jOFxM8NDGYSIs6qytkgTGXzbb9pbnFbiXUN4rR9Ry5Keh97q171GwN6p-d7_5RVzENN4XXxH9CQe-3feyLUKsn3JQuJakdl8TnvlSPh-nUpKd6eBFnzIGebp-uaySFVc2TcmUEmJmVqrPOaz7abeIeBVLH8I_Mb4jSLrR7D18V47T_ZSDV3gjXRnE4QfCZ8FbE4hSSRpAuoOHI7docnneYjsGpCvYIc_J6VV8fFjbzo7VptzciUv4K6euUe00gOJuQS9DOoFms3ep4tyE14S8UPL55jnMW-vgino9mfYdJA.Q9QqwhSpS0RT1XlMkBVwpZy5pZHHQdKz5c5cXgvCqdM&dib_tag=se&keywords=oven+and+grill+cleaner&qid=1757860602&sr=8-53,fl oz,24.0,24.0,1.9979166666666668
9/14/2025,Home,Home,H3-Oven and grill cleaner,Degreaser,Carbona 2-in-1 Easy to Clean Safe and Hygenic Oven Rack and Grill Cleaner 500ml,62.95,Carbona,saco,https://www.saco.sa/en/Carbona-2-in-1-Easy-to-Clean-Safe-and-Hygenic-Oven-Rack-and-Grill-Cleaner-500ml/p/000000000000016071,ml,500.0,0.5,125.9
9/14/2025,Home,Home,H3-Stainless steel cleaner,Stainless steel cleaner,Weiman 17oz SS Clnr/Polish,44.95,Weiman,amazon,https://www.amazon.sa/-/en/Weiman-17oz-SS-Clnr-Polish/dp/B008RH6BNI/ref=sr_1_5?dib=eyJ2IjoiMSJ9.iA-Zt5ai8efuqCvStpFLWBOjvAR1Qoo5IIzWhy4B-l5GFbbq9Gay7q7H3zKMC3xoyQQxeI7Lc4DcZ20IvVWmMdGSbQwNj7smItWQgpkAEOr0wcW-3Iv27F2PfXAgd3lqodKwNQ6vk1W48uqx9H9oZHCjpk_8Sm_25LjBcZbzcHvX9Qgb1rX8riEaGr-s8iQq5Kuy8w5sUcQ32JRvL6G-wjwV4jzxyXVO2CY7sg5Hy6MIw_K6nQ2Dp5r84fvGqYKS7Y_2DejfN1f1qAy3h8cJjixuvXXycx4D58pdeoNfDO0.4rIKTZHhtun4mjueAYLzVq3MnqJFKyZmzCQeHEQpJoo&dib_tag=se&keywords=stainless+steel+cleaner&qid=1757861033&sr=8-5,fl oz,17.0,17.0,2.644117647058824
9/14/2025,Home,Home,H3-Stainless steel cleaner,Stainless steel cleaner,"Mobi Steel Polish, 400 ml",11.95,MOBI,amazon,https://www.amazon.sa/-/en/Mobi-Steel-Polish-400-ml/dp/B07G97TMY1/ref=sr_1_6?dib=eyJ2IjoiMSJ9.iA-Zt5ai8efuqCvStpFLWBOjvAR1Qoo5IIzWhy4B-l5GFbbq9Gay7q7H3zKMC3xoyQQxeI7Lc4DcZ20IvVWmMdGSbQwNj7smItWQgpkAEOr0wcW-3Iv27F2PfXAgd3lqodKwNQ6vk1W48uqx9H9oZHCjpk_8Sm_25LjBcZbzcHvX9Qgb1rX8riEaGr-s8iQq5Kuy8w5sUcQ32JRvL6G-wjwV4jzxyXVO2CY7sg5Hy6MIw_K6nQ2Dp5r84fvGqYKS7Y_2DejfN1f1qAy3h8cJjixuvXXycx4D58pdeoNfDO0.4rIKTZHhtun4mjueAYLzVq3MnqJFKyZmzCQeHEQpJoo&dib_tag=se&keywords=stainless+steel+cleaner&qid=1757861033&sr=8-6,ml,400.0,0.4,29.875
9/14/2025,Home,Home,H3-Stainless steel cleaner,Stainless steel cleaner,"Magic Stainless Steel Cleaner Aerosol, 17 oz",51.99,Magic,amazon,https://www.amazon.sa/-/en/Magic-Stainless-Steel-Cleaner-Aerosol/dp/B00827UD9G/ref=sr_1_8?dib=eyJ2IjoiMSJ9.iA-Zt5ai8efuqCvStpFLWBOjvAR1Qoo5IIzWhy4B-l5GFbbq9Gay7q7H3zKMC3xoyQQxeI7Lc4DcZ20IvVWmMdGSbQwNj7smItWQgpkAEOr0wcW-3Iv27F2PfXAgd3lqodKwNQ6vk1W48uqx9H9oZHCjpk_8Sm_25LjBcZbzcHvX9Qgb1rX8riEaGr-s8iQq5Kuy8w5sUcQ32JRvL6G-wjwV4jzxyXVO2CY7sg5Hy6MIw_K6nQ2Dp5r84fvGqYKS7Y_2DejfN1f1qAy3h8cJjixuvXXycx4D58pdeoNfDO0.4rIKTZHhtun4mjueAYLzVq3MnqJFKyZmzCQeHEQpJoo&dib_tag=se&keywords=stainless+steel+cleaner&qid=1757861033&sr=8-8,fl oz,17.0,17.0,3.0582352941176474
9/14/2025,Home,Home,H3-Stainless steel cleaner,Stainless steel cleaner,PARKER & BAILEY Stainless Steel Polish - Best Stainless Steel Cleaner for Appliances Sink Grill Cookware Clean Polish Restore Kitchen Cleaning Supplies Stain Remover Stainless Steel Cleaner and Polish,49.95,Parker & Bailey,amazon,https://www.amazon.sa/-/en/PARKER-BAILEY-Stainless-Steel-Polish/dp/B000H9NSMG/ref=sr_1_9?dib=eyJ2IjoiMSJ9.iA-Zt5ai8efuqCvStpFLWBOjvAR1Qoo5IIzWhy4B-l5GFbbq9Gay7q7H3zKMC3xoyQQxeI7Lc4DcZ20IvVWmMdGSbQwNj7smItWQgpkAEOr0wcW-3Iv27F2PfXAgd3lqodKwNQ6vk1W48uqx9H9oZHCjpk_8Sm_25LjBcZbzcHvX9Qgb1rX8riEaGr-s8iQq5Kuy8w5sUcQ32JRvL6G-wjwV4jzxyXVO2CY7sg5Hy6MIw_K6nQ2Dp5r84fvGqYKS7Y_2DejfN1f1qAy3h8cJjixuvXXycx4D58pdeoNfDO0.4rIKTZHhtun4mjueAYLzVq3MnqJFKyZmzCQeHEQpJoo&dib_tag=se&keywords=stainless+steel+cleaner&qid=1757861033&sr=8-9,fl oz,8.0,8.0,6.24375
9/14/2025,Home,Home,H3-Stainless steel cleaner,Stainless steel cleaner,"Goddard's Stainless Steel Cleaner Spray – Non-Abrasive Stainless Steel Kitchen Sink, Appliances & Dishwasher Cleaner to Remove Stains & Grease – Stainless Steel Household Cleaning Supplies (23 oz)",34.95,Goddard's,amazon,https://www.amazon.sa/-/en/Goddards-Stainless-Steel-Cleaner-Spray/dp/B09QRTCBP6/ref=sr_1_10?dib=eyJ2IjoiMSJ9.iA-Zt5ai8efuqCvStpFLWBOjvAR1Qoo5IIzWhy4B-l5GFbbq9Gay7q7H3zKMC3xoyQQxeI7Lc4DcZ20IvVWmMdGSbQwNj7smItWQgpkAEOr0wcW-3Iv27F2PfXAgd3lqodKwNQ6vk1W48uqx9H9oZHCjpk_8Sm_25LjBcZbzcHvX9Qgb1rX8riEaGr-s8iQq5Kuy8w5sUcQ32JRvL6G-wjwV4jzxyXVO2CY7sg5Hy6MIw_K6nQ2Dp5r84fvGqYKS7Y_2DejfN1f1qAy3h8cJjixuvXXycx4D58pdeoNfDO0.4rIKTZHhtun4mjueAYLzVq3MnqJFKyZmzCQeHEQpJoo&dib_tag=se&keywords=stainless+steel+cleaner&qid=1757861033&sr=8-10,fl oz,23.0,23.0,1.5195652173913046
9/14/2025,Home,Home,H3-Stainless steel cleaner,Stainless steel cleaner,Weiman 12oz SS Cleaner,93.5,Weiman,amazon,https://www.amazon.sa/-/en/Weiman-76-12oz-SS-Cleaner/dp/B007BOEI88/ref=sr_1_14?dib=eyJ2IjoiMSJ9.iA-Zt5ai8efuqCvStpFLWBOjvAR1Qoo5IIzWhy4B-l5GFbbq9Gay7q7H3zKMC3xoyQQxeI7Lc4DcZ20IvVWmMdGSbQwNj7smItWQgpkAEOr0wcW-3Iv27F2PfXAgd3lqodKwNQ6vk1W48uqx9H9oZHCjpk_8Sm_25LjBcZbzcHvX9Qgb1rX8riEaGr-s8iQq5Kuy8w5sUcQ32JRvL6G-wjwV4jzxyXVO2CY7sg5Hy6MIw_K6nQ2Dp5r84fvGqYKS7Y_2DejfN1f1qAy3h8cJjixuvXXycx4D58pdeoNfDO0.4rIKTZHhtun4mjueAYLzVq3MnqJFKyZmzCQeHEQpJoo&dib_tag=se&keywords=stainless+steel+cleaner&qid=1757861033&sr=8-14,fl oz,12.0,12.0,7.791666666666667
9/14/2025,Home,Home,H3-Stainless steel cleaner,Stainless steel cleaner,"Mr. Metal Metal Polish Liquid All Metal Multipurpose Cleaner, Non-Abrasive, Instant Sterling Silver Cleaner, Brass and Stainless Steel Cleaner, Grime and Tarnish Remover, Chrome Silver Polish, 8 oz",39.95,MR. METAL,amazon,https://www.amazon.sa/-/en/Multipurpose-Cleaner-Non-Abrasive-Sterling-Stainless/dp/B00KOCV48Q/ref=sr_1_29?dib=eyJ2IjoiMSJ9.iA-Zt5ai8efuqCvStpFLWBOjvAR1Qoo5IIzWhy4B-l5GFbbq9Gay7q7H3zKMC3xoyQQxeI7Lc4DcZ20IvVWmMdGSbQwNj7smItWQgpkAEOr0wcW-3Iv27F2PfXAgd3lqodKwNQ6vk1W48uqx9H9oZHCjpk_8Sm_25LjBcZbzcHvX9Qgb1rX8riEaGr-s8iQq5Kuy8w5sUcQ32JRvL6G-wjwV4jzxyXVO2CY7sg5Hy6MIw_K6nQ2Dp5r84fvGqYKS7Y_2DejfN1f1qAy3h8cJjixuvXXycx4D58pdeoNfDO0.4rIKTZHhtun4mjueAYLzVq3MnqJFKyZmzCQeHEQpJoo&dib_tag=se&keywords=stainless+steel+cleaner&qid=1757861033&sr=8-29,fl oz,8.0,8.0,4.99375
9/14/2025,Home,Home,H3-Stainless steel cleaner,Stainless steel cleaner,"Brasso Multi-purpose Metal Polish Brass, Copper, Stainless Steel Cleaner Liquid 200 Ml",22.75,Brasso,amazon,https://www.amazon.sa/-/en/Brasso-Multi-purpose-Polish-Stainless-Cleaner/dp/B07PZ85NMG/ref=sr_1_30?dib=eyJ2IjoiMSJ9.iA-Zt5ai8efuqCvStpFLWBOjvAR1Qoo5IIzWhy4B-l5GFbbq9Gay7q7H3zKMC3xoyQQxeI7Lc4DcZ20IvVWmMdGSbQwNj7smItWQgpkAEOr0wcW-3Iv27F2PfXAgd3lqodKwNQ6vk1W48uqx9H9oZHCjpk_8Sm_25LjBcZbzcHvX9Qgb1rX8riEaGr-s8iQq5Kuy8w5sUcQ32JRvL6G-wjwV4jzxyXVO2CY7sg5Hy6MIw_K6nQ2Dp5r84fvGqYKS7Y_2DejfN1f1qAy3h8cJjixuvXXycx4D58pdeoNfDO0.4rIKTZHhtun4mjueAYLzVq3MnqJFKyZmzCQeHEQpJoo&dib_tag=se&keywords=stainless+steel+cleaner&qid=1757861033&sr=8-30,ml,200.0,0.2,113.75
9/14/2025,Home,Home,H3-Stainless steel cleaner,Stainless steel cleaner,"Bar Keepers Friend Powder Cleanser (2 x 12 oz) Multipurpose Cleaner, Stain & Rust Remover for Bathroom, Kitchen & Outdoor Use on Stainless Steel, Aluminum, Brass, Tile, Ceramic, Porcelain & More",129.0,Bar Keepers Friend,amazon,https://www.amazon.sa/-/en/Bar-Keepers-Friend-Multipurpose-Stainless/dp/B07JGH35XZ/ref=sr_1_33?dib=eyJ2IjoiMSJ9.iA-Zt5ai8efuqCvStpFLWBOjvAR1Qoo5IIzWhy4B-l5GFbbq9Gay7q7H3zKMC3xoyQQxeI7Lc4DcZ20IvVWmMdGSbQwNj7smItWQgpkAEOr0wcW-3Iv27F2PfXAgd3lqodKwNQ6vk1W48uqx9H9oZHCjpk_8Sm_25LjBcZbzcHvX9Qgb1rX8riEaGr-s8iQq5Kuy8w5sUcQ32JRvL6G-wjwV4jzxyXVO2CY7sg5Hy6MIw_K6nQ2Dp5r84fvGqYKS7Y_2DejfN1f1qAy3h8cJjixuvXXycx4D58pdeoNfDO0.4rIKTZHhtun4mjueAYLzVq3MnqJFKyZmzCQeHEQpJoo&dib_tag=se&keywords=stainless+steel+cleaner&qid=1757861033&sr=8-33,fl oz,12.0,12.0,10.75
9/14/2025,Home,Home,H3-Stainless steel cleaner,Stainless steel cleaner,"All-Clad 00942 Cookware Cleaner and Polish, 12-Ounce",110.0,All-Clad,amazon,https://www.amazon.sa/-/en/All-Clad-Cookware-Cleaner-Polish-12-Ounce/dp/B004SC2G9O/ref=sr_1_36?dib=eyJ2IjoiMSJ9.iA-Zt5ai8efuqCvStpFLWBOjvAR1Qoo5IIzWhy4B-l5GFbbq9Gay7q7H3zKMC3xoyQQxeI7Lc4DcZ20IvVWmMdGSbQwNj7smItWQgpkAEOr0wcW-3Iv27F2PfXAgd3lqodKwNQ6vk1W48uqx9H9oZHCjpk_8Sm_25LjBcZbzcHvX9Qgb1rX8riEaGr-s8iQq5Kuy8w5sUcQ32JRvL6G-wjwV4jzxyXVO2CY7sg5Hy6MIw_K6nQ2Dp5r84fvGqYKS7Y_2DejfN1f1qAy3h8cJjixuvXXycx4D58pdeoNfDO0.4rIKTZHhtun4mjueAYLzVq3MnqJFKyZmzCQeHEQpJoo&dib_tag=se&keywords=stainless+steel+cleaner&qid=1757861033&sr=8-36,fl oz,12.0,12.0,9.166666666666666
9/14/2025,Home,Home,H3-Stainless steel cleaner,Stainless steel cleaner,Weiman Stainless Steel Sink and Pots & Pans Cleaner and Polish,97.0,Weiman,amazon,https://www.amazon.sa/-/en/Weiman-Stainless-Steel-Cleaner-Polish/dp/B00DEEWAGG/ref=sr_1_39?dib=eyJ2IjoiMSJ9.iA-Zt5ai8efuqCvStpFLWBOjvAR1Qoo5IIzWhy4B-l5GFbbq9Gay7q7H3zKMC3xoyQQxeI7Lc4DcZ20IvVWmMdGSbQwNj7smItWQgpkAEOr0wcW-3Iv27F2PfXAgd3lqodKwNQ6vk1W48uqx9H9oZHCjpk_8Sm_25LjBcZbzcHvX9Qgb1rX8riEaGr-s8iQq5Kuy8w5sUcQ32JRvL6G-wjwV4jzxyXVO2CY7sg5Hy6MIw_K6nQ2Dp5r84fvGqYKS7Y_2DejfN1f1qAy3h8cJjixuvXXycx4D58pdeoNfDO0.4rIKTZHhtun4mjueAYLzVq3MnqJFKyZmzCQeHEQpJoo&dib_tag=se&keywords=stainless+steel+cleaner&qid=1757861033&sr=8-39,fl oz,8.0,8.0,12.125
9/14/2025,Home,Home,H3-Stainless steel cleaner,Stainless steel cleaner,"Scotchgard Stainless Steel Cleaner 17.5 oz (495 ml), 1 bottle/pack | Removes and resist fingerprints and smudges | Keep your surfaces clean | Ideal for Refrigerator, oven, microwave and more",59.82,Scotchgard,amazon,https://www.amazon.sa/-/en/Scotchgard-Stainless-fingerprints-Refrigerator-microwave/dp/B01MSOP8OK/ref=sr_1_42?dib=eyJ2IjoiMSJ9.iA-Zt5ai8efuqCvStpFLWBOjvAR1Qoo5IIzWhy4B-l5GFbbq9Gay7q7H3zKMC3xoyQQxeI7Lc4DcZ20IvVWmMdGSbQwNj7smItWQgpkAEOr0wcW-3Iv27F2PfXAgd3lqodKwNQ6vk1W48uqx9H9oZHCjpk_8Sm_25LjBcZbzcHvX9Qgb1rX8riEaGr-s8iQq5Kuy8w5sUcQ32JRvL6G-wjwV4jzxyXVO2CY7sg5Hy6MIw_K6nQ2Dp5r84fvGqYKS7Y_2DejfN1f1qAy3h8cJjixuvXXycx4D58pdeoNfDO0.4rIKTZHhtun4mjueAYLzVq3MnqJFKyZmzCQeHEQpJoo&dib_tag=se&keywords=stainless+steel+cleaner&qid=1757861033&sr=8-42,fl oz,17.5,17.5,3.418285714285714
9/14/2025,Home,Home,H3-Stainless steel cleaner,Stainless steel cleaner,"Bar Keepers Friend, Cleanser, 12 oz (340 g)",131.67,Bar Keepers Friend,amazon,https://www.amazon.sa/-/en/Bar-Keepers-Friend-Cleanser-340/dp/B000QYLEBE/ref=sr_1_48?dib=eyJ2IjoiMSJ9.iA-Zt5ai8efuqCvStpFLWBOjvAR1Qoo5IIzWhy4B-l5GFbbq9Gay7q7H3zKMC3xoyQQxeI7Lc4DcZ20IvVWmMdGSbQwNj7smItWQgpkAEOr0wcW-3Iv27F2PfXAgd3lqodKwNQ6vk1W48uqx9H9oZHCjpk_8Sm_25LjBcZbzcHvX9Qgb1rX8riEaGr-s8iQq5Kuy8w5sUcQ32JRvL6G-wjwV4jzxyXVO2CY7sg5Hy6MIw_K6nQ2Dp5r84fvGqYKS7Y_2DejfN1f1qAy3h8cJjixuvXXycx4D58pdeoNfDO0.4rIKTZHhtun4mjueAYLzVq3MnqJFKyZmzCQeHEQpJoo&dib_tag=se&keywords=stainless+steel+cleaner&qid=1757861033&sr=8-48,fl oz,12.0,12.0,10.972499999999998
9/14/2025,Home,Home,H3-Stainless steel cleaner,Stainless steel cleaner,Dr. Beckmann - Stainless Cleaner 250ml,25.0,Dr. Beckmann,mumzworld,https://www.mumzworld.com/sa-en/dr-beckmann-stainless-cleaner-250ml?source=Search,ml,250.0,0.25,100.0
9/14/2025,Home,Home,H3-Stainless steel cleaner,Stainless steel cleaner,Method - Stainless Steel Cleaner Spray 354ml,29.0,Method,mumzworld,https://www.mumzworld.com/sa-en/method-stainless-steel-cleaner-spray-354ml?source=Search,ml,354.0,0.354,81.92090395480227
9/14/2025,Home,Home,H3-Stainless steel cleaner,Stainless steel cleaner,Magic Spray Despenser Ultra Clean Stainless Steel Surface Use Cleaner 17oz,59.95,Magic,saco,https://www.saco.sa/en/Magic-Spray-Despenser-Ultra-Clean-Stainless-Steel-Surface-Use-Cleaner-17oz/p/000000000000016648,fl oz,17.0,17.0,3.5264705882352945
9/14/2025,Home,Home,H3-Stainless steel cleaner,Stainless steel cleaner,Mr. McKenic Non-Corrosive Stainless Steel Cleaner and Polisher 339g CC8207-A,39.95,Mr. McKenic,saco,https://www.saco.sa/en/Mr-McKenic-Non-Corrosive-Stainless-Steel-Cleaner-and-Polisher-339g-CC8207-A/p/000000000000098085,g,339.0,339.0,0.1178466076696165
9/14/2025,Home,Home,H3-Stainless steel cleaner,Stainless steel cleaner,Weiman Stainless Steel Cleaner and Polish 17oz,44.95,Weiman,saco,https://www.saco.sa/en/Weiman-Stainless-Steel-Cleaner-and-Polish-17oz/p/000000000000057576,fl oz,17.0,17.0,2.644117647058824
9/14/2025,Home,Home,H3-Stainless steel cleaner,Stainless steel cleaner,Sprayway Oil Based Stainless Steel Cleaner and Polish 425g SW841RETAIL,39.95,Sprayway,saco,https://www.saco.sa/en/Sprayway-Oil-Based-Stainless-Steel-Cleaner-and-Polish-425g-SW841RETAIL/p/000000000000107171,g,425.0,425.0,0.094
9/14/2025,Home,Home,H3-General sanitizer for vegetable and salad washing,Disinfectant and cleaner,"Fruit and Vegetable Wash Rinse – 100% Natural Food Grade Sanitizer, Non-Toxic, No Residue, No Aftertaste, Food Contact Safe | Biodegradable Fruit and Veggies Wash Spray Bottle (500 ml)",70.28,Aqua Protego,amazon,https://www.amazon.sa/-/en/Fruit-Vegetable-Rinse-Aftertaste-Biodegradable/dp/B0F67GYLXF/ref=sr_1_2?dib=eyJ2IjoiMSJ9.aHEBvfb-GM3u0dBid3hpX1PVsH1rEP6IcQS4jPuMZ4_BCxDy8JDa-JgmkZCrSpUqnC3z0h85vPEm_IM_cQJkZQL34KaTIcGe65gvz2QGZZw6jH8vsU1b2szoUQ2Z2kIZVydyHioXoUR-u6IypJ2eOrUbI4Ss8AaJ7Gy2ZyJm-2y4mRtmiUaidaOnHitI2H2M.aZhEl0uo8SukdFGg4OzaJtxsnr7Gyy2NKigVBdl_fUc&dib_tag=se&keywords=general+sanitizer+for+vegetable+and+salad+washing&qid=1757862215&sr=8-2,ml,500.0,0.5,140.56
9/14/2025,Home,Home,H3-General sanitizer for vegetable and salad washing,Disinfectant and cleaner,"HOGOOD Fruit & Vegetable Wash 800ml Antibacterial all-purpose cleaner liquid for fruits and vegetable sanitizer, Food washing Liquid, and cleaner 100% Natural,Non-Toxic & Non-Alcoholic (1)",89.79,HOGOOD,amazon,https://www.amazon.sa/-/en/HOGOOD-Vegetable-Antibacterial-all-purpose-Non-Alcoholic/dp/B0DY1XXLZV/ref=sr_1_3?dib=eyJ2IjoiMSJ9.aHEBvfb-GM3u0dBid3hpX1PVsH1rEP6IcQS4jPuMZ4_BCxDy8JDa-JgmkZCrSpUqnC3z0h85vPEm_IM_cQJkZQL34KaTIcGe65gvz2QGZZw6jH8vsU1b2szoUQ2Z2kIZVydyHioXoUR-u6IypJ2eOrUbI4Ss8AaJ7Gy2ZyJm-2y4mRtmiUaidaOnHitI2H2M.aZhEl0uo8SukdFGg4OzaJtxsnr7Gyy2NKigVBdl_fUc&dib_tag=se&keywords=general+sanitizer+for+vegetable+and+salad+washing&qid=1757862215&sr=8-3,ml,800.0,0.8,112.2375
9/14/2025,Home,Home,H3-General sanitizer for vegetable and salad washing,Disinfectant and cleaner,"Generic Organic Fruits and Vegetables Wash - 100% Natural, Organic, Non-Toxic - Fruit and Vegetable Cleaners - Vegetable Disinfectant - Fruit and Vegetable Disinfectant -Biodegradable and Safe - 750ml",72.67,Generic,amazon,https://www.amazon.sa/-/en/Generic-Organic-Fruits-Vegetables-Wash/dp/B0CXDJBFVJ/ref=sr_1_5?dib=eyJ2IjoiMSJ9.aHEBvfb-GM3u0dBid3hpX1PVsH1rEP6IcQS4jPuMZ4_BCxDy8JDa-JgmkZCrSpUqnC3z0h85vPEm_IM_cQJkZQL34KaTIcGe65gvz2QGZZw6jH8vsU1b2szoUQ2Z2kIZVydyHioXoUR-u6IypJ2eOrUbI4Ss8AaJ7Gy2ZyJm-2y4mRtmiUaidaOnHitI2H2M.aZhEl0uo8SukdFGg4OzaJtxsnr7Gyy2NKigVBdl_fUc&dib_tag=se&keywords=general+sanitizer+for+vegetable+and+salad+washing&qid=1757862215&sr=8-5,ml,750.0,0.75,96.89333333333332
9/14/2025,Home,Home,H3-General sanitizer for vegetable and salad washing,Disinfectant and cleaner,"Arm & Hammer Fruit & Vegetable Wash, Produce Wash, Produce Cleaner, 16.9oz Spray, Pack of 1",142.75,ARM & HAMMER,amazon,https://www.amazon.sa/-/en/Hammer-Vegetable-Produce-Cleaner-16-9oz/dp/B07NQFKXM3/ref=sr_1_7?dib=eyJ2IjoiMSJ9.aHEBvfb-GM3u0dBid3hpX1PVsH1rEP6IcQS4jPuMZ4_BCxDy8JDa-JgmkZCrSpUqnC3z0h85vPEm_IM_cQJkZQL34KaTIcGe65gvz2QGZZw6jH8vsU1b2szoUQ2Z2kIZVydyHioXoUR-u6IypJ2eOrUbI4Ss8AaJ7Gy2ZyJm-2y4mRtmiUaidaOnHitI2H2M.aZhEl0uo8SukdFGg4OzaJtxsnr7Gyy2NKigVBdl_fUc&dib_tag=se&keywords=general+sanitizer+for+vegetable+and+salad+washing&qid=1757862215&sr=8-7,fl oz,16.9,16.9,8.446745562130179
9/14/2025,Home,Home,H4-Toilet bowl cleaner,"Toilet, shower and tile cleaner","Harpic Power Plus Toilet Cleaner, Lavender Scent, 750ml x 3",32.99,Harpic,amazon,https://www.amazon.sa/-/en/Harpic-Power-Toilet-Cleaner-Lavender/dp/B0B5VGX51Y/ref=sr_1_5?dib=eyJ2IjoiMSJ9.-d3VxS7MYeeINZ46fnttsLNEWIc0iXzgao3tRSdnEhspQdHwh5ZRO9-EhwwPCopcN6QfnaT_7xqAoaTbwdoTCAriebu4xLQq2XwDMst7V9sDjrkF6Px_zLNX5Th9IuT-6DrjAaBuSol6RwTsGKvU0b5Re9syMvblrMdXXQKQQ5J2YXJuEjGfcQ59xCEuCIkExNkX8uc_zQVdo13s1TBuH-5y7Y4k_gx0j7iAxa4E0g4-shRhDAP7x5ie06ZR-nPaXKBmQ9w8zytwKq8PakvmG81ePfYGbLRbgvZMq_61qTQ.PflCsk0uwcFMgyiEC3_sTky4U7cmDjFlWVSfH7HGBfQ&dib_tag=se&keywords=toilet+bowl+cleaner&qid=1757862327&sr=8-5,ml,2250.0,2.25,14.662222222222224
9/14/2025,Home,Home,H4-Toilet bowl cleaner,"Toilet, shower and tile cleaner","Clorox Original Toilet Bowl Cleaner With Bleach, Kills 99.9% Germs And VirUses, Stain Removal, 709Ml",18.25,Clorox,amazon,https://www.amazon.sa/-/en/Clorox-Original-Cleaner-VirUses-Removal/dp/B07PLCYVDL/ref=sr_1_9?dib=eyJ2IjoiMSJ9.-d3VxS7MYeeINZ46fnttsLNEWIc0iXzgao3tRSdnEhspQdHwh5ZRO9-EhwwPCopcN6QfnaT_7xqAoaTbwdoTCAriebu4xLQq2XwDMst7V9sDjrkF6Px_zLNX5Th9IuT-6DrjAaBuSol6RwTsGKvU0b5Re9syMvblrMdXXQKQQ5J2YXJuEjGfcQ59xCEuCIkExNkX8uc_zQVdo13s1TBuH-5y7Y4k_gx0j7iAxa4E0g4-shRhDAP7x5ie06ZR-nPaXKBmQ9w8zytwKq8PakvmG81ePfYGbLRbgvZMq_61qTQ.PflCsk0uwcFMgyiEC3_sTky4U7cmDjFlWVSfH7HGBfQ&dib_tag=se&keywords=toilet+bowl+cleaner&qid=1757862327&sr=8-9,ml,709.0,0.709,25.740479548660087
9/14/2025,Home,Home,H4-Toilet bowl cleaner,"Toilet, shower and tile cleaner","Clorox Scentiva Toilet Cleaner 709 ml, Tuscan Lavender, Bleach Free Toilet Bowl Cleaner",18.45,Clorox,amazon,https://www.amazon.sa/-/en/Clorox-Scentiva-Toilet-Cleaner-Lavender/dp/B09FKF4VHQ/ref=sr_1_10?dib=eyJ2IjoiMSJ9.-d3VxS7MYeeINZ46fnttsLNEWIc0iXzgao3tRSdnEhspQdHwh5ZRO9-EhwwPCopcN6QfnaT_7xqAoaTbwdoTCAriebu4xLQq2XwDMst7V9sDjrkF6Px_zLNX5Th9IuT-6DrjAaBuSol6RwTsGKvU0b5Re9syMvblrMdXXQKQQ5J2YXJuEjGfcQ59xCEuCIkExNkX8uc_zQVdo13s1TBuH-5y7Y4k_gx0j7iAxa4E0g4-shRhDAP7x5ie06ZR-nPaXKBmQ9w8zytwKq8PakvmG81ePfYGbLRbgvZMq_61qTQ.PflCsk0uwcFMgyiEC3_sTky4U7cmDjFlWVSfH7HGBfQ&dib_tag=se&keywords=toilet+bowl+cleaner&qid=1757862327&sr=8-10,ml,709.0,0.709,26.02256699576869
9/14/2025,Home,Home,H4-Toilet bowl cleaner,"Toilet, shower and tile cleaner","Harpic Original Power Plus Toilet Cleaner, 500ml",9.41,Harpic,amazon,https://www.amazon.sa/-/en/Harpic-Original-Power-Toilet-Cleaner/dp/B07PKCYC95/ref=sr_1_11?dib=eyJ2IjoiMSJ9.-d3VxS7MYeeINZ46fnttsLNEWIc0iXzgao3tRSdnEhspQdHwh5ZRO9-EhwwPCopcN6QfnaT_7xqAoaTbwdoTCAriebu4xLQq2XwDMst7V9sDjrkF6Px_zLNX5Th9IuT-6DrjAaBuSol6RwTsGKvU0b5Re9syMvblrMdXXQKQQ5J2YXJuEjGfcQ59xCEuCIkExNkX8uc_zQVdo13s1TBuH-5y7Y4k_gx0j7iAxa4E0g4-shRhDAP7x5ie06ZR-nPaXKBmQ9w8zytwKq8PakvmG81ePfYGbLRbgvZMq_61qTQ.PflCsk0uwcFMgyiEC3_sTky4U7cmDjFlWVSfH7HGBfQ&dib_tag=se&keywords=toilet+bowl+cleaner&qid=1757862327&sr=8-11,ml,500.0,0.5,18.82
9/14/2025,Home,Home,H4-Toilet bowl cleaner,"Toilet, shower and tile cleaner","Harpic Original Power Plus 10X Most Powerful Toilet Cleaner, 750ml x2",27.99,Harpic,amazon,https://www.amazon.sa/-/en/Harpic-Original-Powerful-Toilet-Cleaner/dp/B07PY333KJ/ref=sr_1_14?dib=eyJ2IjoiMSJ9.-d3VxS7MYeeINZ46fnttsLNEWIc0iXzgao3tRSdnEhspQdHwh5ZRO9-EhwwPCopcN6QfnaT_7xqAoaTbwdoTCAriebu4xLQq2XwDMst7V9sDjrkF6Px_zLNX5Th9IuT-6DrjAaBuSol6RwTsGKvU0b5Re9syMvblrMdXXQKQQ5J2YXJuEjGfcQ59xCEuCIkExNkX8uc_zQVdo13s1TBuH-5y7Y4k_gx0j7iAxa4E0g4-shRhDAP7x5ie06ZR-nPaXKBmQ9w8zytwKq8PakvmG81ePfYGbLRbgvZMq_61qTQ.PflCsk0uwcFMgyiEC3_sTky4U7cmDjFlWVSfH7HGBfQ&dib_tag=se&keywords=toilet+bowl+cleaner&qid=1757862327&sr=8-14,ml,1500.0,1.5,18.66
9/14/2025,Home,Home,H4-Toilet bowl cleaner,"Toilet, shower and tile cleaner","Harpic Active Fresh Toilet Cleaner Rim Block, Sparkling Citrus Scent, 35g x 3",32.99,Harpic,amazon,https://www.amazon.sa/-/en/Harpic-Active-Toilet-Cleaner-Sparkling/dp/B08PWGDJXM/ref=sr_1_18?dib=eyJ2IjoiMSJ9.-d3VxS7MYeeINZ46fnttsLNEWIc0iXzgao3tRSdnEhspQdHwh5ZRO9-EhwwPCopcN6QfnaT_7xqAoaTbwdoTCAriebu4xLQq2XwDMst7V9sDjrkF6Px_zLNX5Th9IuT-6DrjAaBuSol6RwTsGKvU0b5Re9syMvblrMdXXQKQQ5J2YXJuEjGfcQ59xCEuCIkExNkX8uc_zQVdo13s1TBuH-5y7Y4k_gx0j7iAxa4E0g4-shRhDAP7x5ie06ZR-nPaXKBmQ9w8zytwKq8PakvmG81ePfYGbLRbgvZMq_61qTQ.PflCsk0uwcFMgyiEC3_sTky4U7cmDjFlWVSfH7HGBfQ&dib_tag=se&keywords=toilet+bowl+cleaner&qid=1757862327&sr=8-18,g,105.0,105.0,0.3141904761904762
9/14/2025,Home,Home,H4-Toilet bowl cleaner,"Toilet, shower and tile cleaner","JIF Power Fresh Toilet Cleaner Liquid, Aqua, 100% Limescale Remover, Kills 99.9% Germs, 750ml",12.95,Jif,amazon,https://www.amazon.sa/-/en/Toilet-Cleaner-Liquid-Limescale-Remover/dp/B094H2YY28/ref=sr_1_26?dib=eyJ2IjoiMSJ9.-d3VxS7MYeeINZ46fnttsLNEWIc0iXzgao3tRSdnEhspQdHwh5ZRO9-EhwwPCopcN6QfnaT_7xqAoaTbwdoTCAriebu4xLQq2XwDMst7V9sDjrkF6Px_zLNX5Th9IuT-6DrjAaBuSol6RwTsGKvU0b5Re9syMvblrMdXXQKQQ5J2YXJuEjGfcQ59xCEuCIkExNkX8uc_zQVdo13s1TBuH-5y7Y4k_gx0j7iAxa4E0g4-shRhDAP7x5ie06ZR-nPaXKBmQ9w8zytwKq8PakvmG81ePfYGbLRbgvZMq_61qTQ.PflCsk0uwcFMgyiEC3_sTky4U7cmDjFlWVSfH7HGBfQ&dib_tag=se&keywords=toilet+bowl+cleaner&qid=1757862327&sr=8-26,ml,750.0,0.75,17.266666666666666
9/14/2025,Home,Home,H4-Toilet bowl cleaner,"Toilet, shower and tile cleaner","Harpic Power Plus Toilet Cleaner, Fresh Scent, 500 ml",9.95,Harpic,amazon,https://www.amazon.sa/-/en/Harpic-Power-Toilet-Cleaner-Fresh/dp/B0BHLDYYG9/ref=sr_1_27?dib=eyJ2IjoiMSJ9.-d3VxS7MYeeINZ46fnttsLNEWIc0iXzgao3tRSdnEhspQdHwh5ZRO9-EhwwPCopcN6QfnaT_7xqAoaTbwdoTCAriebu4xLQq2XwDMst7V9sDjrkF6Px_zLNX5Th9IuT-6DrjAaBuSol6RwTsGKvU0b5Re9syMvblrMdXXQKQQ5J2YXJuEjGfcQ59xCEuCIkExNkX8uc_zQVdo13s1TBuH-5y7Y4k_gx0j7iAxa4E0g4-shRhDAP7x5ie06ZR-nPaXKBmQ9w8zytwKq8PakvmG81ePfYGbLRbgvZMq_61qTQ.PflCsk0uwcFMgyiEC3_sTky4U7cmDjFlWVSfH7HGBfQ&dib_tag=se&keywords=toilet+bowl+cleaner&qid=1757862327&sr=8-27,ml,500.0,0.5,19.9
9/14/2025,Home,Home,H4-Toilet bowl cleaner,"Toilet, shower and tile cleaner","Clorox scentiva japanese spring blossom bleach free toilet bowl cleaner, 709 ml",18.45,Clorox,amazon,https://www.amazon.sa/-/en/Clorox-scentiva-japanese-blossom-cleaner/dp/B09FKDNYFT/ref=sr_1_28?dib=eyJ2IjoiMSJ9.-d3VxS7MYeeINZ46fnttsLNEWIc0iXzgao3tRSdnEhspQdHwh5ZRO9-EhwwPCopcN6QfnaT_7xqAoaTbwdoTCAriebu4xLQq2XwDMst7V9sDjrkF6Px_zLNX5Th9IuT-6DrjAaBuSol6RwTsGKvU0b5Re9syMvblrMdXXQKQQ5J2YXJuEjGfcQ59xCEuCIkExNkX8uc_zQVdo13s1TBuH-5y7Y4k_gx0j7iAxa4E0g4-shRhDAP7x5ie06ZR-nPaXKBmQ9w8zytwKq8PakvmG81ePfYGbLRbgvZMq_61qTQ.PflCsk0uwcFMgyiEC3_sTky4U7cmDjFlWVSfH7HGBfQ&dib_tag=se&keywords=toilet+bowl+cleaner&qid=1757862327&sr=8-28,ml,709.0,0.709,26.02256699576869
9/14/2025,Home,Home,H4-Toilet bowl cleaner,"Toilet, shower and tile cleaner","Clorox fresh scent toilet bowl cleaner with bleach, kills 99.9% germs and viruses, stain removal, 709ml",19.95,Clorox,amazon,https://www.amazon.sa/-/en/Clorox-toilet-cleaner-viruses-removal/dp/B07PH37MN3/ref=sr_1_29?dib=eyJ2IjoiMSJ9.-d3VxS7MYeeINZ46fnttsLNEWIc0iXzgao3tRSdnEhspQdHwh5ZRO9-EhwwPCopcN6QfnaT_7xqAoaTbwdoTCAriebu4xLQq2XwDMst7V9sDjrkF6Px_zLNX5Th9IuT-6DrjAaBuSol6RwTsGKvU0b5Re9syMvblrMdXXQKQQ5J2YXJuEjGfcQ59xCEuCIkExNkX8uc_zQVdo13s1TBuH-5y7Y4k_gx0j7iAxa4E0g4-shRhDAP7x5ie06ZR-nPaXKBmQ9w8zytwKq8PakvmG81ePfYGbLRbgvZMq_61qTQ.PflCsk0uwcFMgyiEC3_sTky4U7cmDjFlWVSfH7HGBfQ&dib_tag=se&keywords=toilet+bowl+cleaner&qid=1757862327&sr=8-29,ml,709.0,0.709,28.138222849083217
9/14/2025,Home,Home,H4-Toilet bowl cleaner,"Toilet, shower and tile cleaner","JIF Power Fresh Toilet Cleaner Liquid, Lavender, 100% Limescale Remover, Kills 99.9% Germs, 750ml",12.95,Jif,amazon,https://www.amazon.sa/-/en/Toilet-Cleaner-Lavender-Limescale-Remover/dp/B094H1PRQV/ref=sr_1_30?dib=eyJ2IjoiMSJ9.-d3VxS7MYeeINZ46fnttsLNEWIc0iXzgao3tRSdnEhspQdHwh5ZRO9-EhwwPCopcN6QfnaT_7xqAoaTbwdoTCAriebu4xLQq2XwDMst7V9sDjrkF6Px_zLNX5Th9IuT-6DrjAaBuSol6RwTsGKvU0b5Re9syMvblrMdXXQKQQ5J2YXJuEjGfcQ59xCEuCIkExNkX8uc_zQVdo13s1TBuH-5y7Y4k_gx0j7iAxa4E0g4-shRhDAP7x5ie06ZR-nPaXKBmQ9w8zytwKq8PakvmG81ePfYGbLRbgvZMq_61qTQ.PflCsk0uwcFMgyiEC3_sTky4U7cmDjFlWVSfH7HGBfQ&dib_tag=se&keywords=toilet+bowl+cleaner&qid=1757862327&sr=8-30,ml,750.0,0.75,17.266666666666666
9/14/2025,Home,Home,H4-Toilet bowl cleaner,"Toilet, shower and tile cleaner","Mobi Toilet Cleaner, 600 Ml- Pack Of 1",9.4,MOBI,amazon,https://www.amazon.sa/-/en/Mobi-Toilet-Cleaner-600-Pack/dp/B07MNDK1FF/ref=sr_1_31?dib=eyJ2IjoiMSJ9.-d3VxS7MYeeINZ46fnttsLNEWIc0iXzgao3tRSdnEhspQdHwh5ZRO9-EhwwPCopcN6QfnaT_7xqAoaTbwdoTCAriebu4xLQq2XwDMst7V9sDjrkF6Px_zLNX5Th9IuT-6DrjAaBuSol6RwTsGKvU0b5Re9syMvblrMdXXQKQQ5J2YXJuEjGfcQ59xCEuCIkExNkX8uc_zQVdo13s1TBuH-5y7Y4k_gx0j7iAxa4E0g4-shRhDAP7x5ie06ZR-nPaXKBmQ9w8zytwKq8PakvmG81ePfYGbLRbgvZMq_61qTQ.PflCsk0uwcFMgyiEC3_sTky4U7cmDjFlWVSfH7HGBfQ&dib_tag=se&keywords=toilet+bowl+cleaner&qid=1757862327&sr=8-31,ml,600.0,0.6,15.666666666666668
9/14/2025,Home,Home,H4-Toilet bowl cleaner,"Toilet, shower and tile cleaner",Fighter Flash Toilet Bowl Cleaner 946 Ml,4.6,Fighter Flash,amazon,https://www.amazon.sa/-/en/Fighter-Flash-Toilet-Bowl-Cleaner/dp/B07PZJTQ2P/ref=sr_1_39_f3_0o_othai?dib=eyJ2IjoiMSJ9.-d3VxS7MYeeINZ46fnttsLNEWIc0iXzgao3tRSdnEhspQdHwh5ZRO9-EhwwPCopcN6QfnaT_7xqAoaTbwdoTCAriebu4xLQq2XwDMst7V9sDjrkF6Px_zLNX5Th9IuT-6DrjAaBuSol6RwTsGKvU0b5Re9syMvblrMdXXQKQQ5J2YXJuEjGfcQ59xCEuCIkExNkX8uc_zQVdo13s1TBuH-5y7Y4k_gx0j7iAxa4E0g4-shRhDAP7x5ie06ZR-nPaXKBmQ9w8zytwKq8PakvmG81ePfYGbLRbgvZMq_61qTQ.PflCsk0uwcFMgyiEC3_sTky4U7cmDjFlWVSfH7HGBfQ&dib_tag=se&keywords=toilet+bowl+cleaner&qid=1757862327&sr=8-39,ml,946.0,0.946,4.862579281183932
9/14/2025,Home,Home,H4-Toilet bowl cleaner,"Toilet, shower and tile cleaner","SC Johnson Scrubbing Bubbles Bubbly Bleach Gel Toilet Bowl Cleaner, Extended Neck to ensure Freshness, Rainshower Scent, 24 oz",19.75,Scrubbing Bubbles,amazon,https://www.amazon.sa/-/en/Scrubbing-Bubbles-Extended-Freshness-Rainshower/dp/B075NGNLZ4/ref=sr_1_42?dib=eyJ2IjoiMSJ9.-d3VxS7MYeeINZ46fnttsLNEWIc0iXzgao3tRSdnEhspQdHwh5ZRO9-EhwwPCopcN6QfnaT_7xqAoaTbwdoTCAriebu4xLQq2XwDMst7V9sDjrkF6Px_zLNX5Th9IuT-6DrjAaBuSol6RwTsGKvU0b5Re9syMvblrMdXXQKQQ5J2YXJuEjGfcQ59xCEuCIkExNkX8uc_zQVdo13s1TBuH-5y7Y4k_gx0j7iAxa4E0g4-shRhDAP7x5ie06ZR-nPaXKBmQ9w8zytwKq8PakvmG81ePfYGbLRbgvZMq_61qTQ.PflCsk0uwcFMgyiEC3_sTky4U7cmDjFlWVSfH7HGBfQ&dib_tag=se&keywords=toilet+bowl+cleaner&qid=1757862327&sr=8-42,fl oz,24.0,24.0,0.8229166666666666
9/14/2025,Home,Home,H4-Toilet bowl cleaner,"Toilet, shower and tile cleaner",U-Do Toilet Flash Bathroom Cleaner Liquid - Original Powerful Cleaning Formula - 1180 ml,7.75,U-Do,amazon,https://www.amazon.sa/-/en/U-Do-Toilet-Bathroom-Cleaner-Liquid/dp/B07PX95Z84/ref=sr_1_44?dib=eyJ2IjoiMSJ9.-d3VxS7MYeeINZ46fnttsLNEWIc0iXzgao3tRSdnEhspQdHwh5ZRO9-EhwwPCopcN6QfnaT_7xqAoaTbwdoTCAriebu4xLQq2XwDMst7V9sDjrkF6Px_zLNX5Th9IuT-6DrjAaBuSol6RwTsGKvU0b5Re9syMvblrMdXXQKQQ5J2YXJuEjGfcQ59xCEuCIkExNkX8uc_zQVdo13s1TBuH-5y7Y4k_gx0j7iAxa4E0g4-shRhDAP7x5ie06ZR-nPaXKBmQ9w8zytwKq8PakvmG81ePfYGbLRbgvZMq_61qTQ.PflCsk0uwcFMgyiEC3_sTky4U7cmDjFlWVSfH7HGBfQ&dib_tag=se&keywords=toilet+bowl+cleaner&qid=1757862327&sr=8-44,ml,1180.0,1.18,6.567796610169492
9/14/2025,Home,Home,H4-Toilet bowl cleaner,"Toilet, shower and tile cleaner","JIF Power Fresh Toilet Cleaner Liquid, Lemon & Pine, 100% Limescale Remover, Kills 99.9% Germs, 750ml",12.95,Jif,amazon,https://www.amazon.sa/-/en/Toilet-Cleaner-Liquid-Limescale-Remover/dp/B094H6QLCD/ref=sr_1_49?dib=eyJ2IjoiMSJ9.-d3VxS7MYeeINZ46fnttsLNEWIc0iXzgao3tRSdnEhspQdHwh5ZRO9-EhwwPCopcN6QfnaT_7xqAoaTbwdoTCAriebu4xLQq2XwDMst7V9sDjrkF6Px_zLNX5Th9IuT-6DrjAaBuSol6RwTsGKvU0b5Re9syMvblrMdXXQKQQ5J2YXJuEjGfcQ59xCEuCIkExNkX8uc_zQVdo13s1TBuH-5y7Y4k_gx0j7iAxa4E0g4-shRhDAP7x5ie06ZR-nPaXKBmQ9w8zytwKq8PakvmG81ePfYGbLRbgvZMq_61qTQ.PflCsk0uwcFMgyiEC3_sTky4U7cmDjFlWVSfH7HGBfQ&dib_tag=se&keywords=toilet+bowl+cleaner&qid=1757862327&sr=8-49,ml,750.0,0.75,17.266666666666666
9/14/2025,Home,Home,H4-Toilet bowl cleaner,"Toilet, shower and tile cleaner",Ecover Toilet Cleaner Pine 0.75L,26.0,Ecover,mumzworld,https://www.mumzworld.com/sa-en/ecover-toilet-cleaner-pine-0-75l?source=Search,L,0.75,0.75,34.666666666666664
9/14/2025,Home,Home,H4-Toilet bowl cleaner,"Toilet, shower and tile cleaner","Ecover Ocean Waves Toilet Cleaner, 750ml",26.0,Ecover,mumzworld,https://www.mumzworld.com/sa-en/ecover-ocean-waves-toilet-cleaner-750ml?source=Search,ml,750.0,0.75,34.666666666666664
9/14/2025,Home,Home,H4-Toilet bowl cleaner,"Toilet, shower and tile cleaner",9EASY - Toilet Cleaner - Original - 750ml,6.0,9EASY,mumzworld,https://www.mumzworld.com/sa-en/9easy-toilet-cleaner-original-750ml?source=Search,ml,750.0,0.75,8.0
9/14/2025,Home,Home,H4-Toilet bowl cleaner,"Toilet, shower and tile cleaner",9EASY - Toilet Cleaner 5L,23.0,9EASY,mumzworld,https://www.mumzworld.com/sa-en/9easy-toilet-cleaner-5l-959973?source=Search,L,5.0,5.0,4.6
9/14/2025,Home,Home,H4-Toilet bowl cleaner,"Toilet, shower and tile cleaner",Jif Zero Limescale Ocean Power Antibacterial Toilet Bowl Cleaner 750ml 62733951,19.95,Jif,saco,https://www.saco.sa/en/Jif-Zero-Limescale-Ocean-Power-Antibacterial-Toilet-Bowl-Cleaner-750ml-62733951/p/000000000000091213,ml,750.0,0.75,26.6
9/14/2025,Home,Home,H4-Toilet bowl cleaner,"Toilet, shower and tile cleaner",Brillo SnoBol Extra Strength Toilet Bowl Cleaner Blue 709ml 32224,34.95,Brillo,saco,https://www.saco.sa/en/Brillo-SnoBol-Extra-Strength-Toilet-Bowl-Cleaner-Blue-709ml-32224/p/000000000000097493,ml,709.0,0.709,49.2947813822285
9/14/2025,Home,Home,H4-Toilet bowl cleaner,"Toilet, shower and tile cleaner",Iron Out Round Lightweight Design Rust-Repelling Formula Toilet Bowl Cleaners White 73g,39.95,Iron Out,saco,https://www.saco.sa/en/Iron-Out-Round-Lightweight-Design-Rust-Repelling-Formula-Toilet-Bowl-Cleaners-White-73g/p/000000000000078187,g,73.0,73.0,0.5472602739726028
9/14/2025,Home,Home,H4-Toilet bowl cleaner,"Toilet, shower and tile cleaner",Jif Zero Limescale Lime Power Antibacterial Toilet Bowl Cleaner 750ml 62733950,19.95,Jif,saco,https://www.saco.sa/en/Jif-Zero-Limescale-Lime-Power-Antibacterial-Toilet-Bowl-Cleaner-750ml-62733950/p/000000000000091215,ml,750.0,0.75,26.6
9/14/2025,Home,Home,H4-Toilet bowl cleaner,"Toilet, shower and tile cleaner",Jif Zero Limescale Pink Power Antibacterial Toilet Bowl Cleaner 750ml 62733952,19.95,Jif,saco,https://www.saco.sa/en/Jif-Zero-Limescale-Pink-Power-Antibacterial-Toilet-Bowl-Cleaner-750ml-62733952/p/000000000000091214,ml,750.0,0.75,26.6
9/14/2025,Home,Home,H4-Toilet bowl cleaner,"Toilet, shower and tile cleaner",2000 Flushes Toilet Bowl Cleaner Blue 3.5oz,36.95,2000 Flushes,saco,https://www.saco.sa/en/2000-Flushes-Toilet-Bowl-Cleaner-Blue-3-5oz/p/000000000000002242,fl oz,3.5,3.5,10.55714285714286
9/14/2025,Home,Home,H4-Shower and tub cleaner,"Toilet, shower and tile cleaner","PARKER & BAILEY Tub & Tile Cleaner - Bathroom Cleaner Shower Cleaner Spray Tub Cleaner Soap Scum Remover for Shower Hard Water Stain Remover Household Cleaning Spray Multi Purpose Spray Cleaner, 32 Oz",39.95,Parker & Bailey,amazon,https://www.amazon.sa/-/en/PARKER-BAILEY-Tub-Tile-Cleaner/dp/B09PWH9XFX/ref=sr_1_5?dib=eyJ2IjoiMSJ9.Ad5hw2TeUz-5OBhikJ5a2r1y48sLw_cfnFJXK7M4NmI1aXs74OoRMnlI4jU1K9CG5ZHTKvbXjEn5_c3qP96zhWZa4CTtQX2FcH_OKjmXv2XrtsVoKJpRil7K8swcGoQrV5jbJ4nJM3z2dm1a0KEr6dSSvifbcqpA-a7ABzvidmuDLLsbuYnc1iG8Ocl1ouzWzeGU5bdgxc6DHHnYdkfsNOhtJBKY-aeXRp-GmfvwPMuK51kgsh-k2yOPYhzkLLCxnekIqCZJa4K14hWOiuHFXcvdFUkvOAfDBiVx8PzPLVo.OzIDhHMgJcOUJEY2PoUfFwEeptrAW-gQuiaqZbhkhg0&dib_tag=se&keywords=shower+and+tub+cleaner&qid=1757862920&sr=8-5,fl oz,32.0,32.0,1.2484375
9/14/2025,Home,Home,H4-Shower and tub cleaner,"Toilet, shower and tile cleaner","PARKER & BAILEY All-Purpose Bathroom Cleaner - Bathroom Cleaner Shower Cleaner Spray Tub Cleaner Soap Scum Remover for Shower Hard Water Household Cleaning Spray Multi Purpose Spray Cleaner, 32 Oz",39.95,Parker & Bailey,amazon,https://www.amazon.sa/-/en/PARKER-BAILEY-All-Purpose-Bathroom-Cleaner/dp/B09PWK5HHF/ref=sr_1_6?dib=eyJ2IjoiMSJ9.Ad5hw2TeUz-5OBhikJ5a2r1y48sLw_cfnFJXK7M4NmI1aXs74OoRMnlI4jU1K9CG5ZHTKvbXjEn5_c3qP96zhWZa4CTtQX2FcH_OKjmXv2XrtsVoKJpRil7K8swcGoQrV5jbJ4nJM3z2dm1a0KEr6dSSvifbcqpA-a7ABzvidmuDLLsbuYnc1iG8Ocl1ouzWzeGU5bdgxc6DHHnYdkfsNOhtJBKY-aeXRp-GmfvwPMuK51kgsh-k2yOPYhzkLLCxnekIqCZJa4K14hWOiuHFXcvdFUkvOAfDBiVx8PzPLVo.OzIDhHMgJcOUJEY2PoUfFwEeptrAW-gQuiaqZbhkhg0&dib_tag=se&keywords=shower+and+tub+cleaner&qid=1757862920&sr=8-6,fl oz,32.0,32.0,1.2484375
9/14/2025,Home,Home,H4-Shower and tub cleaner,"Toilet, shower and tile cleaner","Scrubbing Bubbles Bathroom Grime Fighter Aerosol, Disinfectant Spray; Effective Tile, Bathtub, Shower and Overall Bathroom Cleaner (1 Aerosol Spray), Rainshower, 20 oz",44.75,Scrubbing Bubbles,amazon,https://www.amazon.sa/-/en/Scrubbing-Bubbles-Disinfectant-Effective-Rainshower/dp/B01GFLZ44O/ref=sr_1_7?dib=eyJ2IjoiMSJ9.Ad5hw2TeUz-5OBhikJ5a2r1y48sLw_cfnFJXK7M4NmI1aXs74OoRMnlI4jU1K9CG5ZHTKvbXjEn5_c3qP96zhWZa4CTtQX2FcH_OKjmXv2XrtsVoKJpRil7K8swcGoQrV5jbJ4nJM3z2dm1a0KEr6dSSvifbcqpA-a7ABzvidmuDLLsbuYnc1iG8Ocl1ouzWzeGU5bdgxc6DHHnYdkfsNOhtJBKY-aeXRp-GmfvwPMuK51kgsh-k2yOPYhzkLLCxnekIqCZJa4K14hWOiuHFXcvdFUkvOAfDBiVx8PzPLVo.OzIDhHMgJcOUJEY2PoUfFwEeptrAW-gQuiaqZbhkhg0&dib_tag=se&keywords=shower+and+tub+cleaner&qid=1757862920&sr=8-7,fl oz,20.0,20.0,2.2375
9/14/2025,Home,Home,H4-Shower and tub cleaner,"Toilet, shower and tile cleaner",Mr. Muscle Bathroom Cleaner Spray - Powerful Soap Scum Remover - Professional-Strength Detergent with Fresh Scent - Removes Tough Stains & Kills 99.9% of Germs - 500ml,15.95,Mr Muscle,amazon,https://www.amazon.sa/-/en/Muscle-Bathroom-Cleaner-Spray-Professional-Strength/dp/B07P67QBVG/ref=sr_1_9?dib=eyJ2IjoiMSJ9.Ad5hw2TeUz-5OBhikJ5a2r1y48sLw_cfnFJXK7M4NmI1aXs74OoRMnlI4jU1K9CG5ZHTKvbXjEn5_c3qP96zhWZa4CTtQX2FcH_OKjmXv2XrtsVoKJpRil7K8swcGoQrV5jbJ4nJM3z2dm1a0KEr6dSSvifbcqpA-a7ABzvidmuDLLsbuYnc1iG8Ocl1ouzWzeGU5bdgxc6DHHnYdkfsNOhtJBKY-aeXRp-GmfvwPMuK51kgsh-k2yOPYhzkLLCxnekIqCZJa4K14hWOiuHFXcvdFUkvOAfDBiVx8PzPLVo.OzIDhHMgJcOUJEY2PoUfFwEeptrAW-gQuiaqZbhkhg0&dib_tag=se&keywords=shower+and+tub+cleaner&qid=1757862920&sr=8-9,ml,500.0,0.5,31.9
9/14/2025,Home,Home,H4-Shower and tub cleaner,"Toilet, shower and tile cleaner","Clorox Bathroom Cleaner Spray, 750ml, Disinfectant Spray No Bleach, Kills 99.9% of Germs, Removes Soap Residue",13.2,Clorox,amazon,https://www.amazon.sa/-/en/Clorox-Bathroom-Cleaner-Disinfectant-Removes/dp/B077SSXDCV/ref=sr_1_10?dib=eyJ2IjoiMSJ9.Ad5hw2TeUz-5OBhikJ5a2r1y48sLw_cfnFJXK7M4NmI1aXs74OoRMnlI4jU1K9CG5ZHTKvbXjEn5_c3qP96zhWZa4CTtQX2FcH_OKjmXv2XrtsVoKJpRil7K8swcGoQrV5jbJ4nJM3z2dm1a0KEr6dSSvifbcqpA-a7ABzvidmuDLLsbuYnc1iG8Ocl1ouzWzeGU5bdgxc6DHHnYdkfsNOhtJBKY-aeXRp-GmfvwPMuK51kgsh-k2yOPYhzkLLCxnekIqCZJa4K14hWOiuHFXcvdFUkvOAfDBiVx8PzPLVo.OzIDhHMgJcOUJEY2PoUfFwEeptrAW-gQuiaqZbhkhg0&dib_tag=se&keywords=shower+and+tub+cleaner&qid=1757862920&sr=8-10,ml,750.0,0.75,17.599999999999998
9/14/2025,Home,Home,H4-Shower and tub cleaner,"Toilet, shower and tile cleaner",Kaboom Oxi Clean Shower Tub & Tile Cleaner 32OZ,80.06,OxiClean,amazon,https://www.amazon.sa/-/en/Kaboom-Clean-Shower-Tile-Cleaner/dp/B00U7YNA7Y/ref=sr_1_12?dib=eyJ2IjoiMSJ9.Ad5hw2TeUz-5OBhikJ5a2r1y48sLw_cfnFJXK7M4NmI1aXs74OoRMnlI4jU1K9CG5ZHTKvbXjEn5_c3qP96zhWZa4CTtQX2FcH_OKjmXv2XrtsVoKJpRil7K8swcGoQrV5jbJ4nJM3z2dm1a0KEr6dSSvifbcqpA-a7ABzvidmuDLLsbuYnc1iG8Ocl1ouzWzeGU5bdgxc6DHHnYdkfsNOhtJBKY-aeXRp-GmfvwPMuK51kgsh-k2yOPYhzkLLCxnekIqCZJa4K14hWOiuHFXcvdFUkvOAfDBiVx8PzPLVo.OzIDhHMgJcOUJEY2PoUfFwEeptrAW-gQuiaqZbhkhg0&dib_tag=se&keywords=shower+and+tub+cleaner&qid=1757862920&sr=8-12,fl oz,32.0,32.0,2.501875
9/14/2025,Home,Home,H4-Shower and tub cleaner,"Toilet, shower and tile cleaner",ARM & HAMMER Clean Shower No Scent Basin Tub and Tile Cleaner 32 oz. Liquid,39.75,ARM & HAMMER,amazon,https://www.amazon.sa/-/en/ARM-HAMMER-Shower-Cleaner-Liquid/dp/B01MS8QMN6/ref=sr_1_14?dib=eyJ2IjoiMSJ9.Ad5hw2TeUz-5OBhikJ5a2r1y48sLw_cfnFJXK7M4NmI1aXs74OoRMnlI4jU1K9CG5ZHTKvbXjEn5_c3qP96zhWZa4CTtQX2FcH_OKjmXv2XrtsVoKJpRil7K8swcGoQrV5jbJ4nJM3z2dm1a0KEr6dSSvifbcqpA-a7ABzvidmuDLLsbuYnc1iG8Ocl1ouzWzeGU5bdgxc6DHHnYdkfsNOhtJBKY-aeXRp-GmfvwPMuK51kgsh-k2yOPYhzkLLCxnekIqCZJa4K14hWOiuHFXcvdFUkvOAfDBiVx8PzPLVo.OzIDhHMgJcOUJEY2PoUfFwEeptrAW-gQuiaqZbhkhg0&dib_tag=se&keywords=shower+and+tub+cleaner&qid=1757862920&sr=8-14,fl oz,32.0,32.0,1.2421875
9/14/2025,Home,Home,H4-Shower and tub cleaner,"Toilet, shower and tile cleaner","Granite Gold Shower Cleaner Spray for Quartz, Granite, Marble, Ceramic, and Other Stone Tub Surfaces, Made in the USA, 24 Ounces, Gold",71.3,Granite Gold,amazon,https://www.amazon.sa/-/en/Granite-Gold-Cleaner-Ceramic-Surfaces/dp/B003RGO3ES/ref=sr_1_33?dib=eyJ2IjoiMSJ9.Ad5hw2TeUz-5OBhikJ5a2r1y48sLw_cfnFJXK7M4NmI1aXs74OoRMnlI4jU1K9CG5ZHTKvbXjEn5_c3qP96zhWZa4CTtQX2FcH_OKjmXv2XrtsVoKJpRil7K8swcGoQrV5jbJ4nJM3z2dm1a0KEr6dSSvifbcqpA-a7ABzvidmuDLLsbuYnc1iG8Ocl1ouzWzeGU5bdgxc6DHHnYdkfsNOhtJBKY-aeXRp-GmfvwPMuK51kgsh-k2yOPYhzkLLCxnekIqCZJa4K14hWOiuHFXcvdFUkvOAfDBiVx8PzPLVo.OzIDhHMgJcOUJEY2PoUfFwEeptrAW-gQuiaqZbhkhg0&dib_tag=se&keywords=shower+and+tub+cleaner&qid=1757862920&sr=8-33,fl oz,24.0,24.0,2.970833333333333
9/14/2025,Home,Home,H4-Shower and tub cleaner,"Toilet, shower and tile cleaner","Tilex Clorox Plus Fresh Daily Shower Cleaner, 32 Ounce Spray Bottle (Package May Vary)",34.75,Tilex,amazon,https://www.amazon.sa/-/en/Tilex-Clorox-Shower-Cleaner-Package/dp/B000V9UA00/ref=sr_1_34?dib=eyJ2IjoiMSJ9.Ad5hw2TeUz-5OBhikJ5a2r1y48sLw_cfnFJXK7M4NmI1aXs74OoRMnlI4jU1K9CG5ZHTKvbXjEn5_c3qP96zhWZa4CTtQX2FcH_OKjmXv2XrtsVoKJpRil7K8swcGoQrV5jbJ4nJM3z2dm1a0KEr6dSSvifbcqpA-a7ABzvidmuDLLsbuYnc1iG8Ocl1ouzWzeGU5bdgxc6DHHnYdkfsNOhtJBKY-aeXRp-GmfvwPMuK51kgsh-k2yOPYhzkLLCxnekIqCZJa4K14hWOiuHFXcvdFUkvOAfDBiVx8PzPLVo.OzIDhHMgJcOUJEY2PoUfFwEeptrAW-gQuiaqZbhkhg0&dib_tag=se&keywords=shower+and+tub+cleaner&qid=1757862920&sr=8-34,fl oz,32.0,32.0,1.0859375
9/14/2025,Home,Home,H4-Shower and tub cleaner,"Toilet, shower and tile cleaner","Method Daily Shower Spray Cleaner, Eucalyptus Mint, 28 Ounce, 1 pack, Packaging May Vary",109.0,Method,amazon,https://www.amazon.sa/-/en/Method-Shower-Cleaner-Eucalyptus-Packaging/dp/B00HNOYR3M/ref=sr_1_47?dib=eyJ2IjoiMSJ9.Ad5hw2TeUz-5OBhikJ5a2r1y48sLw_cfnFJXK7M4NmI1aXs74OoRMnlI4jU1K9CG5ZHTKvbXjEn5_c3qP96zhWZa4CTtQX2FcH_OKjmXv2XrtsVoKJpRil7K8swcGoQrV5jbJ4nJM3z2dm1a0KEr6dSSvifbcqpA-a7ABzvidmuDLLsbuYnc1iG8Ocl1ouzWzeGU5bdgxc6DHHnYdkfsNOhtJBKY-aeXRp-GmfvwPMuK51kgsh-k2yOPYhzkLLCxnekIqCZJa4K14hWOiuHFXcvdFUkvOAfDBiVx8PzPLVo.OzIDhHMgJcOUJEY2PoUfFwEeptrAW-gQuiaqZbhkhg0&dib_tag=se&keywords=shower+and+tub+cleaner&qid=1757862920&sr=8-47,fl oz,28.0,28.0,3.892857142857143
9/14/2025,Home,Home,H4-Shower and tub cleaner,"Toilet, shower and tile cleaner","ATTITUDE Bathroom Cleaner, EWG Verified, Plant- and Mineral-Based Ingredients, Vegan and Cruelty-Free Household Products, Citrus Zest, 27.1 Fl Oz",132.0,Attitude,amazon,https://www.amazon.sa/-/en/ATTITUDE-Mineral-Based-Ingredients-Cruelty-Free-Household/dp/B001QXKG8G/ref=sr_1_50?dib=eyJ2IjoiMSJ9.Ad5hw2TeUz-5OBhikJ5a2r1y48sLw_cfnFJXK7M4NmI1aXs74OoRMnlI4jU1K9CG5ZHTKvbXjEn5_c3qP96zhWZa4CTtQX2FcH_OKjmXv2XrtsVoKJpRil7K8swcGoQrV5jbJ4nJM3z2dm1a0KEr6dSSvifbcqpA-a7ABzvidmuDLLsbuYnc1iG8Ocl1ouzWzeGU5bdgxc6DHHnYdkfsNOhtJBKY-aeXRp-GmfvwPMuK51kgsh-k2yOPYhzkLLCxnekIqCZJa4K14hWOiuHFXcvdFUkvOAfDBiVx8PzPLVo.OzIDhHMgJcOUJEY2PoUfFwEeptrAW-gQuiaqZbhkhg0&dib_tag=se&keywords=shower+and+tub+cleaner&qid=1757862920&sr=8-50,fl oz,27.1,27.1,4.870848708487085
9/14/2025,Home,Home,H4-Shower and tub cleaner,"Toilet, shower and tile cleaner","Kohler K-EC23732-NA Tub and Shower Cleaner, Bathroom Cleaner, 28 FL Oz",222.81,Kohler,amazon,https://www.amazon.sa/-/en/Kohler-K-EC23732-NA-Shower-Cleaner-Bathroom/dp/B083VYN8RY/ref=sr_1_53?dib=eyJ2IjoiMSJ9.Ad5hw2TeUz-5OBhikJ5a2r1y48sLw_cfnFJXK7M4NmI1aXs74OoRMnlI4jU1K9CG5ZHTKvbXjEn5_c3qP96zhWZa4CTtQX2FcH_OKjmXv2XrtsVoKJpRil7K8swcGoQrV5jbJ4nJM3z2dm1a0KEr6dSSvifbcqpA-a7ABzvidmuDLLsbuYnc1iG8Ocl1ouzWzeGU5bdgxc6DHHnYdkfsNOhtJBKY-aeXRp-GmfvwPMuK51kgsh-k2yOPYhzkLLCxnekIqCZJa4K14hWOiuHFXcvdFUkvOAfDBiVx8PzPLVo.OzIDhHMgJcOUJEY2PoUfFwEeptrAW-gQuiaqZbhkhg0&dib_tag=se&keywords=shower+and+tub+cleaner&qid=1757862920&sr=8-53,fl oz,28.0,28.0,7.9575
9/14/2025,Home,Home,H4-Mold and mildew remover,Disinfectant and cleaner,"Clorox Mildew & Mold Stain Remover Spray with Bleach, 750 ml, Kills 99.9% of Germs, 100% of Fungus & Mold Stains",19.95,Clorox,amazon,https://www.amazon.sa/-/en/Clorox-Mildew-Remover-Bleach-Fungus/dp/B07PCML4BF/ref=sr_1_5?dib=eyJ2IjoiMSJ9.pHUPPEYxhIKj7535Sizozo1lKQA-MY8-4IyvJ18TVKjEZRZx1GcEjydnEFxJqRuidEZ40a24BoCAXzJDNXUsut1O-_jl2xDVKiyleZy8747xoTjaRLpdeSLb6FgH9Yi5C0S3Hxgnb9ocKc1CDqb93XMnKKXyC4Wz6DHmpGQfCR2ZHL9vgiS-0O1AnRsUra4wAHpLq8I9nsRrrogkT8wzyqK16F1UtPgyvwoKUUxU-klgAz-rLJB_1W17URt3JOjoar6BxUJqJWTHmHZ4VBTdP6jAwgw_aN245-w_a_XCH3M.0MFrwjWST1ezKN6RgdgKRTOihKC_9nQ6gmS3FNYvgkg&dib_tag=se&keywords=mold+and+mildew+remover&qid=1757863349&sr=8-5,ml,750.0,0.75,26.6
9/14/2025,Home,Home,H4-Mold and mildew remover,Disinfectant and cleaner,"CLR Mold & Mildew Clear, Bleach-Free Stain Remover Spray | Works on Fabric, Wood, Fiberglass, Concrete, Brick, Painted Walls, Glass and More | EPA Safer Choice (32 Ounce)",59.95,CLR,amazon,https://www.amazon.sa/-/en/CLR-Bleach-Free-Remover-Fiberglass-Concrete/dp/B00COVDKW8/ref=sr_1_7?dib=eyJ2IjoiMSJ9.pHUPPEYxhIKj7535Sizozo1lKQA-MY8-4IyvJ18TVKjEZRZx1GcEjydnEFxJqRuidEZ40a24BoCAXzJDNXUsut1O-_jl2xDVKiyleZy8747xoTjaRLpdeSLb6FgH9Yi5C0S3Hxgnb9ocKc1CDqb93XMnKKXyC4Wz6DHmpGQfCR2ZHL9vgiS-0O1AnRsUra4wAHpLq8I9nsRrrogkT8wzyqK16F1UtPgyvwoKUUxU-klgAz-rLJB_1W17URt3JOjoar6BxUJqJWTHmHZ4VBTdP6jAwgw_aN245-w_a_XCH3M.0MFrwjWST1ezKN6RgdgKRTOihKC_9nQ6gmS3FNYvgkg&dib_tag=se&keywords=mold+and+mildew+remover&qid=1757863349&sr=8-7,fl oz,32.0,32.0,1.8734375
9/14/2025,Home,Home,H4-Mold and mildew remover,Disinfectant and cleaner,"Dettol Anti-Bacterial Mould & Mildew Remover Spray Bottle, 500ml",13.97,Dettol,amazon,https://www.amazon.sa/-/en/Dettol-Anti-Bacterial-Mildew-Remover-Bottle/dp/B00H7ELFOM/ref=sr_1_8?dib=eyJ2IjoiMSJ9.pHUPPEYxhIKj7535Sizozo1lKQA-MY8-4IyvJ18TVKjEZRZx1GcEjydnEFxJqRuidEZ40a24BoCAXzJDNXUsut1O-_jl2xDVKiyleZy8747xoTjaRLpdeSLb6FgH9Yi5C0S3Hxgnb9ocKc1CDqb93XMnKKXyC4Wz6DHmpGQfCR2ZHL9vgiS-0O1AnRsUra4wAHpLq8I9nsRrrogkT8wzyqK16F1UtPgyvwoKUUxU-klgAz-rLJB_1W17URt3JOjoar6BxUJqJWTHmHZ4VBTdP6jAwgw_aN245-w_a_XCH3M.0MFrwjWST1ezKN6RgdgKRTOihKC_9nQ6gmS3FNYvgkg&dib_tag=se&keywords=mold+and+mildew+remover&qid=1757863349&sr=8-8,ml,500.0,0.5,27.94
9/14/2025,Home,Home,H4-Mold and mildew remover,Disinfectant and cleaner,"RMR Brands RMR-86 Instant Mold and Mildew Stain Remover Spray - Scrub Free Formula, Bathroom Floor and Shower Cleaner, 32 Fl Oz",175.61,RMR Brands,amazon,https://www.amazon.sa/-/en/RMR-Brands-RMR-86-Instant-Remover/dp/B01N3Y22K4/ref=sr_1_13?dib=eyJ2IjoiMSJ9.pHUPPEYxhIKj7535Sizozo1lKQA-MY8-4IyvJ18TVKjEZRZx1GcEjydnEFxJqRuidEZ40a24BoCAXzJDNXUsut1O-_jl2xDVKiyleZy8747xoTjaRLpdeSLb6FgH9Yi5C0S3Hxgnb9ocKc1CDqb93XMnKKXyC4Wz6DHmpGQfCR2ZHL9vgiS-0O1AnRsUra4wAHpLq8I9nsRrrogkT8wzyqK16F1UtPgyvwoKUUxU-klgAz-rLJB_1W17URt3JOjoar6BxUJqJWTHmHZ4VBTdP6jAwgw_aN245-w_a_XCH3M.0MFrwjWST1ezKN6RgdgKRTOihKC_9nQ6gmS3FNYvgkg&dib_tag=se&keywords=mold+and+mildew+remover&qid=1757863349&sr=8-13,fl oz,32.0,32.0,5.4878125
9/14/2025,Home,Home,H4-Mold and mildew remover,Disinfectant and cleaner,"ACTIVE Mold Stain Remover Gel Cleaner Heavy Duty Stain Cleaner for Front Loader Washing Machine Seal, Bathroom Grout, Shower, Caulk - Front Load Washer Cleaning Solution - 7 Fl Oz",145.29,ACTIVE,amazon,https://www.amazon.sa/-/en/ACTIVE-Stain-Cleaner-Washing-Machine/dp/B0CTS8VQ85/ref=sr_1_17?dib=eyJ2IjoiMSJ9.pHUPPEYxhIKj7535Sizozo1lKQA-MY8-4IyvJ18TVKjEZRZx1GcEjydnEFxJqRuidEZ40a24BoCAXzJDNXUsut1O-_jl2xDVKiyleZy8747xoTjaRLpdeSLb6FgH9Yi5C0S3Hxgnb9ocKc1CDqb93XMnKKXyC4Wz6DHmpGQfCR2ZHL9vgiS-0O1AnRsUra4wAHpLq8I9nsRrrogkT8wzyqK16F1UtPgyvwoKUUxU-klgAz-rLJB_1W17URt3JOjoar6BxUJqJWTHmHZ4VBTdP6jAwgw_aN245-w_a_XCH3M.0MFrwjWST1ezKN6RgdgKRTOihKC_9nQ6gmS3FNYvgkg&dib_tag=se&keywords=mold+and+mildew+remover&qid=1757863349&sr=8-17,fl oz,7.0,7.0,20.755714285714284
9/14/2025,Home,Home,H4-Mold and mildew remover,Disinfectant and cleaner,"Concrobium 25326CAL Mold Control Spray, 32 oz",166.98,Concrobium,amazon,https://www.amazon.sa/-/en/Concrobium-25326CAL-Mold-Control-Spray/dp/B084CNTQX2/ref=sr_1_30?dib=eyJ2IjoiMSJ9.pHUPPEYxhIKj7535Sizozo1lKQA-MY8-4IyvJ18TVKjEZRZx1GcEjydnEFxJqRuidEZ40a24BoCAXzJDNXUsut1O-_jl2xDVKiyleZy8747xoTjaRLpdeSLb6FgH9Yi5C0S3Hxgnb9ocKc1CDqb93XMnKKXyC4Wz6DHmpGQfCR2ZHL9vgiS-0O1AnRsUra4wAHpLq8I9nsRrrogkT8wzyqK16F1UtPgyvwoKUUxU-klgAz-rLJB_1W17URt3JOjoar6BxUJqJWTHmHZ4VBTdP6jAwgw_aN245-w_a_XCH3M.0MFrwjWST1ezKN6RgdgKRTOihKC_9nQ6gmS3FNYvgkg&dib_tag=se&keywords=mold+and+mildew+remover&qid=1757863349&sr=8-30,fl oz,32.0,32.0,5.218125
9/14/2025,Home,Home,H4-Mold and mildew remover,Disinfectant and cleaner,"STAR BRITE Liquid Mold & Mildew Stain Remover + Cleaner – Removes Stains on Contact - 22 OZ (085616SS), Wood",203.85,STAR BRITE,amazon,https://www.amazon.sa/-/en/STAR-BRITE-Liquid-Remover-Cleaner/dp/B00EXIVVTE/ref=sr_1_32?dib=eyJ2IjoiMSJ9.pHUPPEYxhIKj7535Sizozo1lKQA-MY8-4IyvJ18TVKjEZRZx1GcEjydnEFxJqRuidEZ40a24BoCAXzJDNXUsut1O-_jl2xDVKiyleZy8747xoTjaRLpdeSLb6FgH9Yi5C0S3Hxgnb9ocKc1CDqb93XMnKKXyC4Wz6DHmpGQfCR2ZHL9vgiS-0O1AnRsUra4wAHpLq8I9nsRrrogkT8wzyqK16F1UtPgyvwoKUUxU-klgAz-rLJB_1W17URt3JOjoar6BxUJqJWTHmHZ4VBTdP6jAwgw_aN245-w_a_XCH3M.0MFrwjWST1ezKN6RgdgKRTOihKC_9nQ6gmS3FNYvgkg&dib_tag=se&keywords=mold+and+mildew+remover&qid=1757863349&sr=8-32,fl oz,22.0,22.0,9.26590909090909
9/14/2025,Home,Home,H4-Mold and mildew remover,Disinfectant and cleaner,"Tilex Mold & Mildew Remover, 32 oz",186.0,Tilex,amazon,https://www.amazon.sa/-/en/Tilex-Mold-Mildew-Remover-32/dp/B000VDRLEO/ref=sr_1_33?dib=eyJ2IjoiMSJ9.pHUPPEYxhIKj7535Sizozo1lKQA-MY8-4IyvJ18TVKjEZRZx1GcEjydnEFxJqRuidEZ40a24BoCAXzJDNXUsut1O-_jl2xDVKiyleZy8747xoTjaRLpdeSLb6FgH9Yi5C0S3Hxgnb9ocKc1CDqb93XMnKKXyC4Wz6DHmpGQfCR2ZHL9vgiS-0O1AnRsUra4wAHpLq8I9nsRrrogkT8wzyqK16F1UtPgyvwoKUUxU-klgAz-rLJB_1W17URt3JOjoar6BxUJqJWTHmHZ4VBTdP6jAwgw_aN245-w_a_XCH3M.0MFrwjWST1ezKN6RgdgKRTOihKC_9nQ6gmS3FNYvgkg&dib_tag=se&keywords=mold+and+mildew+remover&qid=1757863349&sr=8-33,fl oz,32.0,32.0,5.8125
9/14/2025,Home,Home,H4-Mold and mildew remover,Disinfectant and cleaner,"CLR Mold & Mildew Clear, Bleach-Free Stain Remover Spray Works on Fabric, Wood, Fiberglass, Concrete, Brick, Glass, and More - EPA Safer Choice, 32 Fl Oz (Pack of 2)",203.97,CLR,amazon,https://www.amazon.sa/-/en/CLR-Bleach-Free-Remover-Fiberglass-Concrete/dp/B08NRCW9NZ/ref=sr_1_34?dib=eyJ2IjoiMSJ9.pHUPPEYxhIKj7535Sizozo1lKQA-MY8-4IyvJ18TVKjEZRZx1GcEjydnEFxJqRuidEZ40a24BoCAXzJDNXUsut1O-_jl2xDVKiyleZy8747xoTjaRLpdeSLb6FgH9Yi5C0S3Hxgnb9ocKc1CDqb93XMnKKXyC4Wz6DHmpGQfCR2ZHL9vgiS-0O1AnRsUra4wAHpLq8I9nsRrrogkT8wzyqK16F1UtPgyvwoKUUxU-klgAz-rLJB_1W17URt3JOjoar6BxUJqJWTHmHZ4VBTdP6jAwgw_aN245-w_a_XCH3M.0MFrwjWST1ezKN6RgdgKRTOihKC_9nQ6gmS3FNYvgkg&dib_tag=se&keywords=mold+and+mildew+remover&qid=1757863349&sr=8-34,fl oz,32.0,32.0,6.3740625
9/14/2025,Home,Home,H4-Mold and mildew remover,Disinfectant and cleaner,"Method Antibacterial Bathroom Cleaner, Spearmint, Removes Mold + Mildew stains, 28 Fl Oz",105.0,Method,amazon,https://www.amazon.sa/-/en/Method-Antibacterial-Bathroom-Cleaner-Spearmint/dp/B00O33F032/ref=sr_1_38?dib=eyJ2IjoiMSJ9.pHUPPEYxhIKj7535Sizozo1lKQA-MY8-4IyvJ18TVKjEZRZx1GcEjydnEFxJqRuidEZ40a24BoCAXzJDNXUsut1O-_jl2xDVKiyleZy8747xoTjaRLpdeSLb6FgH9Yi5C0S3Hxgnb9ocKc1CDqb93XMnKKXyC4Wz6DHmpGQfCR2ZHL9vgiS-0O1AnRsUra4wAHpLq8I9nsRrrogkT8wzyqK16F1UtPgyvwoKUUxU-klgAz-rLJB_1W17URt3JOjoar6BxUJqJWTHmHZ4VBTdP6jAwgw_aN245-w_a_XCH3M.0MFrwjWST1ezKN6RgdgKRTOihKC_9nQ6gmS3FNYvgkg&dib_tag=se&keywords=mold+and+mildew+remover&qid=1757863349&sr=8-38,fl oz,28.0,28.0,3.75
9/14/2025,Home,Home,H4-Mold and mildew remover,Disinfectant and cleaner,Goo Gone Grout & Tile Cleaner - 28 Ounce - Removes Tough Stains Dirt Caused By Mold Mildew Soap Scum and Hard Water Staining - Safe on Tile Ceramic Porcelain,64.75,Goo Gone,amazon,https://www.amazon.sa/-/en/Goo-Gone-Grout-Tile-Cleaner/dp/B00F3H9GTG/ref=sr_1_40?dib=eyJ2IjoiMSJ9.pHUPPEYxhIKj7535Sizozo1lKQA-MY8-4IyvJ18TVKjEZRZx1GcEjydnEFxJqRuidEZ40a24BoCAXzJDNXUsut1O-_jl2xDVKiyleZy8747xoTjaRLpdeSLb6FgH9Yi5C0S3Hxgnb9ocKc1CDqb93XMnKKXyC4Wz6DHmpGQfCR2ZHL9vgiS-0O1AnRsUra4wAHpLq8I9nsRrrogkT8wzyqK16F1UtPgyvwoKUUxU-klgAz-rLJB_1W17URt3JOjoar6BxUJqJWTHmHZ4VBTdP6jAwgw_aN245-w_a_XCH3M.0MFrwjWST1ezKN6RgdgKRTOihKC_9nQ6gmS3FNYvgkg&dib_tag=se&keywords=mold+and+mildew+remover&qid=1757863349&sr=8-40,fl oz,28.0,28.0,2.3125
9/14/2025,Home,Home,H4-Mold and mildew remover,Disinfectant and cleaner,"RMR-141 Germicidal Spray & Cleaner, Removes 99% of Home Germs & Viruses, Mold Remover, EPA Registered, 32 oz Bottle",165.6,RMR Brands,amazon,https://www.amazon.sa/-/en/RMR-141-Germicidal-Cleaner-Removes-Registered/dp/B07FDL9RK1/ref=sr_1_45?dib=eyJ2IjoiMSJ9.pHUPPEYxhIKj7535Sizozo1lKQA-MY8-4IyvJ18TVKjEZRZx1GcEjydnEFxJqRuidEZ40a24BoCAXzJDNXUsut1O-_jl2xDVKiyleZy8747xoTjaRLpdeSLb6FgH9Yi5C0S3Hxgnb9ocKc1CDqb93XMnKKXyC4Wz6DHmpGQfCR2ZHL9vgiS-0O1AnRsUra4wAHpLq8I9nsRrrogkT8wzyqK16F1UtPgyvwoKUUxU-klgAz-rLJB_1W17URt3JOjoar6BxUJqJWTHmHZ4VBTdP6jAwgw_aN245-w_a_XCH3M.0MFrwjWST1ezKN6RgdgKRTOihKC_9nQ6gmS3FNYvgkg&dib_tag=se&keywords=mold+and+mildew+remover&qid=1757863349&sr=8-45,fl oz,32.0,32.0,5.175
9/14/2025,Home,Home,H4-Mold and mildew remover,Disinfectant and cleaner,"Vital Oxide Disinfectant, Deodorizer, Cleaner, Food-Contact Sanitizer, Virucide – EPA Registered – Kills Mold & Mildew, Eliminates Odors-1 Gallon",352.0,Vital Oxide,amazon,https://www.amazon.sa/-/en/Vital-Oxide-Disinfectant-Deodorizer-Food-Contact/dp/B002UER44E/ref=sr_1_47?dib=eyJ2IjoiMSJ9.pHUPPEYxhIKj7535Sizozo1lKQA-MY8-4IyvJ18TVKjEZRZx1GcEjydnEFxJqRuidEZ40a24BoCAXzJDNXUsut1O-_jl2xDVKiyleZy8747xoTjaRLpdeSLb6FgH9Yi5C0S3Hxgnb9ocKc1CDqb93XMnKKXyC4Wz6DHmpGQfCR2ZHL9vgiS-0O1AnRsUra4wAHpLq8I9nsRrrogkT8wzyqK16F1UtPgyvwoKUUxU-klgAz-rLJB_1W17URt3JOjoar6BxUJqJWTHmHZ4VBTdP6jAwgw_aN245-w_a_XCH3M.0MFrwjWST1ezKN6RgdgKRTOihKC_9nQ6gmS3FNYvgkg&dib_tag=se&keywords=mold+and+mildew+remover&qid=1757863349&sr=8-47,fl oz,128.0,128.0,2.75
9/14/2025,Home,Home,H4-Mold and mildew remover,Disinfectant and cleaner,"JIF Hygienic Foam Spray, powered by bleach, Bathroom, for 100% stain removal, 450ml",12.95,Jif,amazon,https://www.amazon.sa/-/en/Hygienic-powered-bleach-Bathroom-removal/dp/B09GXP72KQ/ref=sr_1_50?dib=eyJ2IjoiMSJ9.pHUPPEYxhIKj7535Sizozo1lKQA-MY8-4IyvJ18TVKjEZRZx1GcEjydnEFxJqRuidEZ40a24BoCAXzJDNXUsut1O-_jl2xDVKiyleZy8747xoTjaRLpdeSLb6FgH9Yi5C0S3Hxgnb9ocKc1CDqb93XMnKKXyC4Wz6DHmpGQfCR2ZHL9vgiS-0O1AnRsUra4wAHpLq8I9nsRrrogkT8wzyqK16F1UtPgyvwoKUUxU-klgAz-rLJB_1W17URt3JOjoar6BxUJqJWTHmHZ4VBTdP6jAwgw_aN245-w_a_XCH3M.0MFrwjWST1ezKN6RgdgKRTOihKC_9nQ6gmS3FNYvgkg&dib_tag=se&keywords=mold+and+mildew+remover&qid=1757863349&sr=8-50,ml,450.0,0.45,28.77777777777777
9/14/2025,Home,Home,H4-Mold and mildew remover,Disinfectant and cleaner,"Tilex 01100 Mold and Mildew Remover, 16 Ounce, 1 Bottle",171.0,Clorox,amazon,https://www.amazon.sa/-/en/Tilex-01100-Mildew-Remover-Bottle/dp/B00CAO6CM4/ref=sr_1_54?dib=eyJ2IjoiMSJ9.pHUPPEYxhIKj7535Sizozo1lKQA-MY8-4IyvJ18TVKjEZRZx1GcEjydnEFxJqRuidEZ40a24BoCAXzJDNXUsut1O-_jl2xDVKiyleZy8747xoTjaRLpdeSLb6FgH9Yi5C0S3Hxgnb9ocKc1CDqb93XMnKKXyC4Wz6DHmpGQfCR2ZHL9vgiS-0O1AnRsUra4wAHpLq8I9nsRrrogkT8wzyqK16F1UtPgyvwoKUUxU-klgAz-rLJB_1W17URt3JOjoar6BxUJqJWTHmHZ4VBTdP6jAwgw_aN245-w_a_XCH3M.0MFrwjWST1ezKN6RgdgKRTOihKC_9nQ6gmS3FNYvgkg&dib_tag=se&keywords=mold+and+mildew+remover&qid=1757863349&sr=8-54,fl oz,16.0,16.0,10.6875
9/14/2025,Home,Home,H4-Mold and mildew remover,Disinfectant and cleaner,CLR Foaming Action Bleach-Free Mold and Mildew Stain Remover White 32fl oz CMM-6,59.95,CLR,saco,https://www.saco.sa/en/CLR-Foaming-Action-Bleach-Free-Mold-and-Mildew-Stain-Remover-White-32fl-oz-CMM-6/p/000000000000031311,fl oz,32.0,32.0,1.8734375
9/14/2025,Home,Home,H4-Tile and grout cleaner,"Toilet, shower and tile cleaner",Goo Gone Grout & Tile Cleaner - 28 Ounce - Removes Tough Stains Dirt Caused By Mold Mildew Soap Scum and Hard Water Staining - Safe on Tile Ceramic Porcelain,64.75,Goo Gone,amazon,https://www.amazon.sa/-/en/Goo-Gone-Grout-Tile-Cleaner/dp/B00F3H9GTG/ref=sr_1_5?dib=eyJ2IjoiMSJ9.clqfP6jn9B5gFgo5-k5_J5WJ577AzWLC2Am_z_d5i5T9fJC6_UV9zFTscs340HcktlxKe8InjfOtvp8WRDoNVQLAo6DC5G8CLn4oZ3HqwrD3EFEb66ROhDOiDtYk6uB2Jb9WzUA6wiiudyuRsFW9rpRRD-kWKlsb3F0vae9BxU_SD7WB3jX_Uty7N7mKrJ1cGpjE_IVn669omAfU1f55h-xRmU4HGdP6FikAwE1or1RcliRHO4awYdcwmbOJ5Y4Vi-nNVggG8ygRFfWmgkzG9WqV1N17qlhx0Xu-f36UCtc.bF1NPprQ5hUvZwWwW0LQbb3tGOOf92m1QFVY0OkqI1I&dib_tag=se&keywords=tile+and+grout+cleaner&qid=1757863624&sr=8-5,fl oz,28.0,28.0,2.3125
9/14/2025,Home,Home,H4-Tile and grout cleaner,"Toilet, shower and tile cleaner",Rejuvenate Grout Deep Cleaner Cleaning Formula Instantly Removes Years of Dirt Build-Up to Restore Grout to the Original Color (32 fl oz),55.95,Rejuvenate,amazon,https://www.amazon.sa/-/en/Rejuvenate-Cleaning-Instantly-Build-Up-Original/dp/B07D9TQ92D/ref=sr_1_7?dib=eyJ2IjoiMSJ9.clqfP6jn9B5gFgo5-k5_J5WJ577AzWLC2Am_z_d5i5T9fJC6_UV9zFTscs340HcktlxKe8InjfOtvp8WRDoNVQLAo6DC5G8CLn4oZ3HqwrD3EFEb66ROhDOiDtYk6uB2Jb9WzUA6wiiudyuRsFW9rpRRD-kWKlsb3F0vae9BxU_SD7WB3jX_Uty7N7mKrJ1cGpjE_IVn669omAfU1f55h-xRmU4HGdP6FikAwE1or1RcliRHO4awYdcwmbOJ5Y4Vi-nNVggG8ygRFfWmgkzG9WqV1N17qlhx0Xu-f36UCtc.bF1NPprQ5hUvZwWwW0LQbb3tGOOf92m1QFVY0OkqI1I&dib_tag=se&keywords=tile+and+grout+cleaner&qid=1757863624&sr=8-7,fl oz,32.0,32.0,1.7484375
9/14/2025,Home,Home,H4-Tile and grout cleaner,"Toilet, shower and tile cleaner",Goo Gone Citrus Scent Grout Cleaner 14 oz. Liquid,39.95,Goo Gone,amazon,https://www.amazon.sa/-/en/Goo-Gone-Citrus-Cleaner-Liquid/dp/B009RWUZPW/ref=sr_1_13?dib=eyJ2IjoiMSJ9.clqfP6jn9B5gFgo5-k5_J5WJ577AzWLC2Am_z_d5i5T9fJC6_UV9zFTscs340HcktlxKe8InjfOtvp8WRDoNVQLAo6DC5G8CLn4oZ3HqwrD3EFEb66ROhDOiDtYk6uB2Jb9WzUA6wiiudyuRsFW9rpRRD-kWKlsb3F0vae9BxU_SD7WB3jX_Uty7N7mKrJ1cGpjE_IVn669omAfU1f55h-xRmU4HGdP6FikAwE1or1RcliRHO4awYdcwmbOJ5Y4Vi-nNVggG8ygRFfWmgkzG9WqV1N17qlhx0Xu-f36UCtc.bF1NPprQ5hUvZwWwW0LQbb3tGOOf92m1QFVY0OkqI1I&dib_tag=se&keywords=tile+and+grout+cleaner&qid=1757863624&sr=8-13,fl oz,14.0,14.0,2.8535714285714286
9/14/2025,Home,Home,H4-Tile and grout cleaner,"Toilet, shower and tile cleaner",Weiman Magic 3052 30 Oz Grout Cleaner with Stay Clean Technology,64.75,Weiman,amazon,https://www.amazon.sa/-/en/Weiman-Magic-3052-Cleaner-Technology/dp/B00FSLP1JQ/ref=sr_1_16?dib=eyJ2IjoiMSJ9.clqfP6jn9B5gFgo5-k5_J5WJ577AzWLC2Am_z_d5i5T9fJC6_UV9zFTscs340HcktlxKe8InjfOtvp8WRDoNVQLAo6DC5G8CLn4oZ3HqwrD3EFEb66ROhDOiDtYk6uB2Jb9WzUA6wiiudyuRsFW9rpRRD-kWKlsb3F0vae9BxU_SD7WB3jX_Uty7N7mKrJ1cGpjE_IVn669omAfU1f55h-xRmU4HGdP6FikAwE1or1RcliRHO4awYdcwmbOJ5Y4Vi-nNVggG8ygRFfWmgkzG9WqV1N17qlhx0Xu-f36UCtc.bF1NPprQ5hUvZwWwW0LQbb3tGOOf92m1QFVY0OkqI1I&dib_tag=se&keywords=tile+and+grout+cleaner&qid=1757863624&sr=8-16,fl oz,30.0,30.0,2.158333333333333
9/14/2025,Home,Home,H4-Tile and grout cleaner,"Toilet, shower and tile cleaner","Zep ZU104632 32OZ Grout Cleaner, 32 oz, ESSU104632",151.63,Zep,amazon,https://www.amazon.sa/-/en/Zep-ZU104632-Grout-Cleaner-ESSU104632/dp/B001B16Z7E/ref=sr_1_17?dib=eyJ2IjoiMSJ9.clqfP6jn9B5gFgo5-k5_J5WJ577AzWLC2Am_z_d5i5T9fJC6_UV9zFTscs340HcktlxKe8InjfOtvp8WRDoNVQLAo6DC5G8CLn4oZ3HqwrD3EFEb66ROhDOiDtYk6uB2Jb9WzUA6wiiudyuRsFW9rpRRD-kWKlsb3F0vae9BxU_SD7WB3jX_Uty7N7mKrJ1cGpjE_IVn669omAfU1f55h-xRmU4HGdP6FikAwE1or1RcliRHO4awYdcwmbOJ5Y4Vi-nNVggG8ygRFfWmgkzG9WqV1N17qlhx0Xu-f36UCtc.bF1NPprQ5hUvZwWwW0LQbb3tGOOf92m1QFVY0OkqI1I&dib_tag=se&keywords=tile+and+grout+cleaner&qid=1757863624&sr=8-17,fl oz,32.0,32.0,4.7384375
9/14/2025,Home,Home,H4-Tile and grout cleaner,"Toilet, shower and tile cleaner",Homax 22 oz 9330 Tile Guard Tile And Grout Cleaner,49.95,Homax,amazon,https://www.amazon.sa/-/en/Homax-9330-Guard-Grout-Cleaner/dp/B000WZKZWG/ref=sr_1_19?dib=eyJ2IjoiMSJ9.clqfP6jn9B5gFgo5-k5_J5WJ577AzWLC2Am_z_d5i5T9fJC6_UV9zFTscs340HcktlxKe8InjfOtvp8WRDoNVQLAo6DC5G8CLn4oZ3HqwrD3EFEb66ROhDOiDtYk6uB2Jb9WzUA6wiiudyuRsFW9rpRRD-kWKlsb3F0vae9BxU_SD7WB3jX_Uty7N7mKrJ1cGpjE_IVn669omAfU1f55h-xRmU4HGdP6FikAwE1or1RcliRHO4awYdcwmbOJ5Y4Vi-nNVggG8ygRFfWmgkzG9WqV1N17qlhx0Xu-f36UCtc.bF1NPprQ5hUvZwWwW0LQbb3tGOOf92m1QFVY0OkqI1I&dib_tag=se&keywords=tile+and+grout+cleaner&qid=1757863624&sr=8-19,fl oz,22.0,22.0,2.270454545454545
9/14/2025,Home,Home,H4-Tile and grout cleaner,"Toilet, shower and tile cleaner","FILA Surface Care Solutions Filagrout Net 24 OZ, Grout Cleaner for Tile Floors, Ceramic Tile and Porcelain Tile, Non-acid and Biodegradable",141.0,FILA Surface Care Solutions,amazon,https://www.amazon.sa/-/en/FILA-Surface-Care-Net-Biodegradable/dp/B01L7OWXLQ/ref=sr_1_30?dib=eyJ2IjoiMSJ9.clqfP6jn9B5gFgo5-k5_J5WJ577AzWLC2Am_z_d5i5T9fJC6_UV9zFTscs340HcktlxKe8InjfOtvp8WRDoNVQLAo6DC5G8CLn4oZ3HqwrD3EFEb66ROhDOiDtYk6uB2Jb9WzUA6wiiudyuRsFW9rpRRD-kWKlsb3F0vae9BxU_SD7WB3jX_Uty7N7mKrJ1cGpjE_IVn669omAfU1f55h-xRmU4HGdP6FikAwE1or1RcliRHO4awYdcwmbOJ5Y4Vi-nNVggG8ygRFfWmgkzG9WqV1N17qlhx0Xu-f36UCtc.bF1NPprQ5hUvZwWwW0LQbb3tGOOf92m1QFVY0OkqI1I&dib_tag=se&keywords=tile+and+grout+cleaner&qid=1757863624&sr=8-30,fl oz,24.0,24.0,5.875
9/14/2025,Home,Home,H4-Tile and grout cleaner,"Toilet, shower and tile cleaner",CLEANY GENIE Acidic Tile & Grout Cleaner M21 | 5L Pack,180.0,Cleany Genie,amazon,https://www.amazon.sa/-/en/CLEANY-GENIE-Acidic-Cleaner-M21/dp/B08HXVXTKV/ref=sr_1_40?dib=eyJ2IjoiMSJ9.clqfP6jn9B5gFgo5-k5_J5WJ577AzWLC2Am_z_d5i5T9fJC6_UV9zFTscs340HcktlxKe8InjfOtvp8WRDoNVQLAo6DC5G8CLn4oZ3HqwrD3EFEb66ROhDOiDtYk6uB2Jb9WzUA6wiiudyuRsFW9rpRRD-kWKlsb3F0vae9BxU_SD7WB3jX_Uty7N7mKrJ1cGpjE_IVn669omAfU1f55h-xRmU4HGdP6FikAwE1or1RcliRHO4awYdcwmbOJ5Y4Vi-nNVggG8ygRFfWmgkzG9WqV1N17qlhx0Xu-f36UCtc.bF1NPprQ5hUvZwWwW0LQbb3tGOOf92m1QFVY0OkqI1I&dib_tag=se&keywords=tile+and+grout+cleaner&qid=1757863624&sr=8-40,L,5.0,5.0,36.0
9/14/2025,Home,Home,H4-Tile and grout cleaner,"Toilet, shower and tile cleaner","Black Diamond Ultimate Grout Cleaner: Best Cleaner for Tile,Ceramic,Porcelain, Marble Acid-Free Safe Deep Cleaner & Stain Remover for Even The Dirtiest Grout (1-Quart)",212.0,Black Diamond Stoneworks,amazon,https://www.amazon.sa/-/en/Black-Diamond-Ultimate-Grout-Cleaner/dp/B000Y232BI/ref=sr_1_52?dib=eyJ2IjoiMSJ9.clqfP6jn9B5gFgo5-k5_J5WJ577AzWLC2Am_z_d5i5T9fJC6_UV9zFTscs340HcktlxKe8InjfOtvp8WRDoNVQLAo6DC5G8CLn4oZ3HqwrD3EFEb66ROhDOiDtYk6uB2Jb9WzUA6wiiudyuRsFW9rpRRD-kWKlsb3F0vae9BxU_SD7WB3jX_Uty7N7mKrJ1cGpjE_IVn669omAfU1f55h-xRmU4HGdP6FikAwE1or1RcliRHO4awYdcwmbOJ5Y4Vi-nNVggG8ygRFfWmgkzG9WqV1N17qlhx0Xu-f36UCtc.bF1NPprQ5hUvZwWwW0LQbb3tGOOf92m1QFVY0OkqI1I&dib_tag=se&keywords=tile+and+grout+cleaner&qid=1757863624&sr=8-52,fl oz,32.0,32.0,6.625
9/14/2025,Home,Home,H4-Tile and grout cleaner,"Toilet, shower and tile cleaner","ACTIVE Mold Stain Remover Gel Cleaner Heavy Duty Stain Cleaner for Front Loader Washing Machine Seal, Bathroom Grout, Shower, Caulk - Front Load Washer Cleaning Solution - 7 Fl Oz",145.29,ACTIVE,amazon,https://www.amazon.sa/-/en/ACTIVE-Stain-Cleaner-Washing-Machine/dp/B0CTS8VQ85/ref=sr_1_56?dib=eyJ2IjoiMSJ9.clqfP6jn9B5gFgo5-k5_J5WJ577AzWLC2Am_z_d5i5T9fJC6_UV9zFTscs340HcktlxKe8InjfOtvp8WRDoNVQLAo6DC5G8CLn4oZ3HqwrD3EFEb66ROhDOiDtYk6uB2Jb9WzUA6wiiudyuRsFW9rpRRD-kWKlsb3F0vae9BxU_SD7WB3jX_Uty7N7mKrJ1cGpjE_IVn669omAfU1f55h-xRmU4HGdP6FikAwE1or1RcliRHO4awYdcwmbOJ5Y4Vi-nNVggG8ygRFfWmgkzG9WqV1N17qlhx0Xu-f36UCtc.bF1NPprQ5hUvZwWwW0LQbb3tGOOf92m1QFVY0OkqI1I&dib_tag=se&keywords=tile+and+grout+cleaner&qid=1757863624&sr=8-56,fl oz,7.0,7.0,20.755714285714284
9/14/2025,Home,Home,H4-Tile and grout cleaner,"Toilet, shower and tile cleaner",Tile Guard Non-Toxic Odorless Extra Strength Tile and Grout Cleaner 22fl oz 9330,49.95,Tile Guard,saco,https://www.saco.sa/en/Tile-Guard-Non-Toxic-Odorless-Extra-Strength-Tile-and-Grout-Cleaner-22fl-oz-9330/p/000000000000021059,fl oz,22.0,22.0,2.270454545454545
9/14/2025,Home,Home,H4-Tile and grout cleaner,"Toilet, shower and tile cleaner",Rejuvenate Tile and Grout Everyday Cleaner 32oz RJ32BC,54.95,Rejuvenate,saco,https://www.saco.sa/en/Rejuvenate-Tile-and-Grout-Everyday-Cleaner-32oz-RJ32BC/p/000000000000038441,fl oz,32.0,32.0,1.7171875
9/14/2025,Home,Home,H4-Tile and grout cleaner,"Toilet, shower and tile cleaner",Goo Gone Grout and Tile Cleaner Clear 414ml 2052,39.95,Goo Gone,saco,https://www.saco.sa/en/Goo-Gone-Grout-and-Tile-Cleaner-Clear-414ml-2052/p/000000000000037404,ml,414.0,0.414,96.4975845410628
9/14/2025,Home,Home,H4-Tile and grout cleaner,"Toilet, shower and tile cleaner","Dexin Strong and Stable Base Tiles Cleaner for Remove Cement, Gypsum, Rust, and Dirt 4 Liter",37.95,Dexin,saco,"https://www.saco.sa/en/Dexin-Strong-and-Stable-Base-Tiles-Cleaner-for-Remove-Cement,-Gypsum,-Rust,-and-Dirt-4-Liter/p/000000000000021135",L,4.0,4.0,9.4875
9/14/2025,Home,Home,H4-Tile and grout cleaner,"Toilet, shower and tile cleaner",Magic Grout Cleaner 887ml,59.95,Magic,saco,https://www.saco.sa/en/Magic-Grout-Cleaner-887ml/p/000000000000039581,ml,887.0,0.887,67.58737316798197
9/14/2025,Home,Home,H5-Hardwood floor cleaner,Floor cleaner,Bona Hardwood Floor Cleaner Refill - 128 fl oz - Unscented - Refill for Bona Spray Mops and Spray Bottles - Residue-Free Floor Cleaning Solution for Wood Floors,119.0,Bona,amazon,https://www.amazon.sa/-/en/Bona-Hardwood-Floor-Cleaner-Refill/dp/B000ARPVIY/ref=sr_1_5?dib=eyJ2IjoiMSJ9.JXYVzGxaaKX6EUf48oY5vnSP8do2dgjG4sTD3Bb87Ezc9BbB_FHC45NfN8gdkvbCO_miyx7amnem-ZG7yJvPgHRM5jqm9Msur1HzZh8d1Erg6Tbu_7G6hEtfAkv53DOj4o5ATU1esAWoFOV-E17Lcu1OoMWs7eVkCg6lZ_TXBCqr7UELuTR8MYujRVtX8ZOT6izGT4IkN39OWfjhukGGASdG0lJyAoayeEuooDF68XuDlXjfA3kefznkfzic7heIl1BWWKLklQxgwzzAzWVy0fA3lx8F58gTGvjXQAxu6Bk.48Co1DUXxWnb6c27GmWTrlclarLURp0bMU5Thh1gTZY&dib_tag=se&keywords=hardwood+floor+cleaner&qid=1757863984&sr=8-5,fl oz,128.0,128.0,0.9296875
9/14/2025,Home,Home,H5-Hardwood floor cleaner,Floor cleaner,"JIF Floor Expert Wood, 2X concentration formula for powerful cleaning, Orange & Lime, giving brightness & brilliant shine, 1500ml",18.95,Jif,amazon,https://www.amazon.sa/-/en/concentration-powerful-cleaning-brightness-brilliant/dp/B084BWD3Y9/ref=sr_1_6?dib=eyJ2IjoiMSJ9.JXYVzGxaaKX6EUf48oY5vnSP8do2dgjG4sTD3Bb87Ezc9BbB_FHC45NfN8gdkvbCO_miyx7amnem-ZG7yJvPgHRM5jqm9Msur1HzZh8d1Erg6Tbu_7G6hEtfAkv53DOj4o5ATU1esAWoFOV-E17Lcu1OoMWs7eVkCg6lZ_TXBCqr7UELuTR8MYujRVtX8ZOT6izGT4IkN39OWfjhukGGASdG0lJyAoayeEuooDF68XuDlXjfA3kefznkfzic7heIl1BWWKLklQxgwzzAzWVy0fA3lx8F58gTGvjXQAxu6Bk.48Co1DUXxWnb6c27GmWTrlclarLURp0bMU5Thh1gTZY&dib_tag=se&keywords=hardwood+floor+cleaner&qid=1757863984&sr=8-6,ml,1500.0,1.5,12.633333333333333
9/14/2025,Home,Home,H5-Hardwood floor cleaner,Floor cleaner,Weiman Hardwood Floor Cleaner - 32 Ounce - Non-toxic for Finished Hardwood Oak Maple Cherry Birch Engineered - Professional Safe Streak-free - Packaging May Vary,44.75,Weiman,amazon,https://www.amazon.sa/-/en/Weiman-Hardwood-Floor-Cleaner-Professional/dp/B075DT79L6/ref=sr_1_7?dib=eyJ2IjoiMSJ9.JXYVzGxaaKX6EUf48oY5vnSP8do2dgjG4sTD3Bb87Ezc9BbB_FHC45NfN8gdkvbCO_miyx7amnem-ZG7yJvPgHRM5jqm9Msur1HzZh8d1Erg6Tbu_7G6hEtfAkv53DOj4o5ATU1esAWoFOV-E17Lcu1OoMWs7eVkCg6lZ_TXBCqr7UELuTR8MYujRVtX8ZOT6izGT4IkN39OWfjhukGGASdG0lJyAoayeEuooDF68XuDlXjfA3kefznkfzic7heIl1BWWKLklQxgwzzAzWVy0fA3lx8F58gTGvjXQAxu6Bk.48Co1DUXxWnb6c27GmWTrlclarLURp0bMU5Thh1gTZY&dib_tag=se&keywords=hardwood+floor+cleaner&qid=1757863984&sr=8-7,fl oz,32.0,32.0,1.3984375
9/14/2025,Home,Home,H5-Hardwood floor cleaner,Floor cleaner,"Pledge Clean It Gentle Wood Floor Liquid Cleaner, Streak & Residue Free, Original, 750ml",72.0,Pledge,amazon,https://www.amazon.sa/-/en/Pledge-Gentle-Cleaner-Residue-Original/dp/B0053454GS/ref=sr_1_8?dib=eyJ2IjoiMSJ9.JXYVzGxaaKX6EUf48oY5vnSP8do2dgjG4sTD3Bb87Ezc9BbB_FHC45NfN8gdkvbCO_miyx7amnem-ZG7yJvPgHRM5jqm9Msur1HzZh8d1Erg6Tbu_7G6hEtfAkv53DOj4o5ATU1esAWoFOV-E17Lcu1OoMWs7eVkCg6lZ_TXBCqr7UELuTR8MYujRVtX8ZOT6izGT4IkN39OWfjhukGGASdG0lJyAoayeEuooDF68XuDlXjfA3kefznkfzic7heIl1BWWKLklQxgwzzAzWVy0fA3lx8F58gTGvjXQAxu6Bk.48Co1DUXxWnb6c27GmWTrlclarLURp0bMU5Thh1gTZY&dib_tag=se&keywords=hardwood+floor+cleaner&qid=1757863984&sr=8-8,ml,750.0,0.75,96.0
9/14/2025,Home,Home,H5-Hardwood floor cleaner,Floor cleaner,"Method Squirt + Mop Hardwood Floor Cleaner, Almond, 25 Ounce, 1 pack, Packaging May Vary",101.0,Method,amazon,https://www.amazon.sa/-/en/Method-Squirt-Hardwood-Cleaner-Packaging/dp/B00I9IL53Q/ref=sr_1_9?dib=eyJ2IjoiMSJ9.JXYVzGxaaKX6EUf48oY5vnSP8do2dgjG4sTD3Bb87Ezc9BbB_FHC45NfN8gdkvbCO_miyx7amnem-ZG7yJvPgHRM5jqm9Msur1HzZh8d1Erg6Tbu_7G6hEtfAkv53DOj4o5ATU1esAWoFOV-E17Lcu1OoMWs7eVkCg6lZ_TXBCqr7UELuTR8MYujRVtX8ZOT6izGT4IkN39OWfjhukGGASdG0lJyAoayeEuooDF68XuDlXjfA3kefznkfzic7heIl1BWWKLklQxgwzzAzWVy0fA3lx8F58gTGvjXQAxu6Bk.48Co1DUXxWnb6c27GmWTrlclarLURp0bMU5Thh1gTZY&dib_tag=se&keywords=hardwood+floor+cleaner&qid=1757863984&sr=8-9,fl oz,25.0,25.0,4.04
9/14/2025,Home,Home,H5-Hardwood floor cleaner,Floor cleaner,Bona WM700054001 Hardwood Cleaner Cartridge 34oz,47.95,Bona,amazon,https://www.amazon.sa/-/en/Bona-WM700054001-Hardwood-Cleaner-Cartridge/dp/B07119XFQ1/ref=sr_1_11?dib=eyJ2IjoiMSJ9.JXYVzGxaaKX6EUf48oY5vnSP8do2dgjG4sTD3Bb87Ezc9BbB_FHC45NfN8gdkvbCO_miyx7amnem-ZG7yJvPgHRM5jqm9Msur1HzZh8d1Erg6Tbu_7G6hEtfAkv53DOj4o5ATU1esAWoFOV-E17Lcu1OoMWs7eVkCg6lZ_TXBCqr7UELuTR8MYujRVtX8ZOT6izGT4IkN39OWfjhukGGASdG0lJyAoayeEuooDF68XuDlXjfA3kefznkfzic7heIl1BWWKLklQxgwzzAzWVy0fA3lx8F58gTGvjXQAxu6Bk.48Co1DUXxWnb6c27GmWTrlclarLURp0bMU5Thh1gTZY&dib_tag=se&keywords=hardwood+floor+cleaner&qid=1757863984&sr=8-11,fl oz,34.0,34.0,1.410294117647059
9/14/2025,Home,Home,H5-Hardwood floor cleaner,Floor cleaner,Rejuvenate High Performance All-Floors and Hardwood No Bucket Needed Floor Cleaner Powerful PH Balanced Shine with Shine Booster Technology Low VOC Best in Class Products 32oz,59.85,Rejuvenate,amazon,https://www.amazon.sa/-/en/Rejuvenate-Performance-All-Floors-Hardwood-Technology/dp/B00U4OD8D8/ref=sr_1_12?dib=eyJ2IjoiMSJ9.JXYVzGxaaKX6EUf48oY5vnSP8do2dgjG4sTD3Bb87Ezc9BbB_FHC45NfN8gdkvbCO_miyx7amnem-ZG7yJvPgHRM5jqm9Msur1HzZh8d1Erg6Tbu_7G6hEtfAkv53DOj4o5ATU1esAWoFOV-E17Lcu1OoMWs7eVkCg6lZ_TXBCqr7UELuTR8MYujRVtX8ZOT6izGT4IkN39OWfjhukGGASdG0lJyAoayeEuooDF68XuDlXjfA3kefznkfzic7heIl1BWWKLklQxgwzzAzWVy0fA3lx8F58gTGvjXQAxu6Bk.48Co1DUXxWnb6c27GmWTrlclarLURp0bMU5Thh1gTZY&dib_tag=se&keywords=hardwood+floor+cleaner&qid=1757863984&sr=8-12,fl oz,32.0,32.0,1.8703125
9/14/2025,Home,Home,H5-Hardwood floor cleaner,Floor cleaner,"ATTITUDE Nature +, Hypoallergenic Floor Surface Cleaner, Tile & Wood, Citrus Zest, 35.2 Fluid Ounce",142.0,Attitude,amazon,https://www.amazon.sa/-/en/ATTITUDE-Nature-Hypoallergenic-Surface-Cleaner/dp/B00514DCJ6/ref=sr_1_15?dib=eyJ2IjoiMSJ9.JXYVzGxaaKX6EUf48oY5vnSP8do2dgjG4sTD3Bb87Ezc9BbB_FHC45NfN8gdkvbCO_miyx7amnem-ZG7yJvPgHRM5jqm9Msur1HzZh8d1Erg6Tbu_7G6hEtfAkv53DOj4o5ATU1esAWoFOV-E17Lcu1OoMWs7eVkCg6lZ_TXBCqr7UELuTR8MYujRVtX8ZOT6izGT4IkN39OWfjhukGGASdG0lJyAoayeEuooDF68XuDlXjfA3kefznkfzic7heIl1BWWKLklQxgwzzAzWVy0fA3lx8F58gTGvjXQAxu6Bk.48Co1DUXxWnb6c27GmWTrlclarLURp0bMU5Thh1gTZY&dib_tag=se&keywords=hardwood+floor+cleaner&qid=1757863984&sr=8-15,fl oz,35.2,35.2,4.034090909090909
9/14/2025,Home,Home,H5-Hardwood floor cleaner,Floor cleaner,"Weiman Wood Floor Polish and Restorer - 32 Ounce - High-Traffic Hardwood Floor, Natural Shine, Removes Scratches, Leaves Protective Layer",109.75,Weiman,amazon,https://www.amazon.sa/-/en/Weiman-Wood-Floor-Polish-Restorer/dp/B075DVGS2C/ref=sr_1_25?dib=eyJ2IjoiMSJ9.JXYVzGxaaKX6EUf48oY5vnSP8do2dgjG4sTD3Bb87Ezc9BbB_FHC45NfN8gdkvbCO_miyx7amnem-ZG7yJvPgHRM5jqm9Msur1HzZh8d1Erg6Tbu_7G6hEtfAkv53DOj4o5ATU1esAWoFOV-E17Lcu1OoMWs7eVkCg6lZ_TXBCqr7UELuTR8MYujRVtX8ZOT6izGT4IkN39OWfjhukGGASdG0lJyAoayeEuooDF68XuDlXjfA3kefznkfzic7heIl1BWWKLklQxgwzzAzWVy0fA3lx8F58gTGvjXQAxu6Bk.48Co1DUXxWnb6c27GmWTrlclarLURp0bMU5Thh1gTZY&dib_tag=se&keywords=hardwood+floor+cleaner&qid=1757863984&sr=8-25,fl oz,32.0,32.0,3.4296875
9/14/2025,Home,Home,H5-Hardwood floor cleaner,Floor cleaner,Bona Wood Floor Cleaner Concentrate for Mopping Robots 1.1L,135.37,Bona,amazon,https://www.amazon.sa/-/en/Bona-Cleaner-Concentrate-Mopping-Robots/dp/B0F13ZY862/ref=sr_1_40?dib=eyJ2IjoiMSJ9.JXYVzGxaaKX6EUf48oY5vnSP8do2dgjG4sTD3Bb87Ezc9BbB_FHC45NfN8gdkvbCO_miyx7amnem-ZG7yJvPgHRM5jqm9Msur1HzZh8d1Erg6Tbu_7G6hEtfAkv53DOj4o5ATU1esAWoFOV-E17Lcu1OoMWs7eVkCg6lZ_TXBCqr7UELuTR8MYujRVtX8ZOT6izGT4IkN39OWfjhukGGASdG0lJyAoayeEuooDF68XuDlXjfA3kefznkfzic7heIl1BWWKLklQxgwzzAzWVy0fA3lx8F58gTGvjXQAxu6Bk.48Co1DUXxWnb6c27GmWTrlclarLURp0bMU5Thh1gTZY&dib_tag=se&keywords=hardwood+floor+cleaner&qid=1757863984&sr=8-40,L,1.1,1.1,123.06363636363636
9/14/2025,Home,Home,H5-Hardwood floor cleaner,Floor cleaner,"Method Hardwood Floor Cleaner Squirt + Mop Refill, Almond, For Sealed Hardwood and Laminate Floors, 68 Fl Oz (Pack of 1)",168.92,Method,amazon,https://www.amazon.sa/-/en/Method-Hardwood-Cleaner-Squirt-Laminate/dp/B00X1INBQS/ref=sr_1_44?dib=eyJ2IjoiMSJ9.JXYVzGxaaKX6EUf48oY5vnSP8do2dgjG4sTD3Bb87Ezc9BbB_FHC45NfN8gdkvbCO_miyx7amnem-ZG7yJvPgHRM5jqm9Msur1HzZh8d1Erg6Tbu_7G6hEtfAkv53DOj4o5ATU1esAWoFOV-E17Lcu1OoMWs7eVkCg6lZ_TXBCqr7UELuTR8MYujRVtX8ZOT6izGT4IkN39OWfjhukGGASdG0lJyAoayeEuooDF68XuDlXjfA3kefznkfzic7heIl1BWWKLklQxgwzzAzWVy0fA3lx8F58gTGvjXQAxu6Bk.48Co1DUXxWnb6c27GmWTrlclarLURp0bMU5Thh1gTZY&dib_tag=se&keywords=hardwood+floor+cleaner&qid=1757863984&sr=8-44,fl oz,68.0,68.0,2.4841176470588238
9/14/2025,Home,Home,H5-Hardwood floor cleaner,Floor cleaner,"Method Daily Hardwood Cleaner, Almond, Plant-Based Formula That Cleans Shelves, Tables and Other Wooden Surfaces While Removing Dust & Grime, 28 Fl Oz, (Pack of 4)",221.0,Method,amazon,https://www.amazon.sa/-/en/Method-Hardwood-Plant-Based-Surfaces-Removing/dp/B09DQ7M77J/ref=sr_1_46?dib=eyJ2IjoiMSJ9.JXYVzGxaaKX6EUf48oY5vnSP8do2dgjG4sTD3Bb87Ezc9BbB_FHC45NfN8gdkvbCO_miyx7amnem-ZG7yJvPgHRM5jqm9Msur1HzZh8d1Erg6Tbu_7G6hEtfAkv53DOj4o5ATU1esAWoFOV-E17Lcu1OoMWs7eVkCg6lZ_TXBCqr7UELuTR8MYujRVtX8ZOT6izGT4IkN39OWfjhukGGASdG0lJyAoayeEuooDF68XuDlXjfA3kefznkfzic7heIl1BWWKLklQxgwzzAzWVy0fA3lx8F58gTGvjXQAxu6Bk.48Co1DUXxWnb6c27GmWTrlclarLURp0bMU5Thh1gTZY&dib_tag=se&keywords=hardwood+floor+cleaner&qid=1757863984&sr=8-46,fl oz,112.0,112.0,1.9732142857142856
9/14/2025,Home,Home,H5-Hardwood floor cleaner,Floor cleaner,"Bona Hardwood Floor Cleaner Cleaning Machine Formulation, Concentrate Refill, 64 Fl Oz",99.75,Bona,amazon,https://www.amazon.sa/-/en/Bona-Hardwood-Cleaning-Formulation-Concentrate/dp/B094DRJMLC/ref=sr_1_47?dib=eyJ2IjoiMSJ9.JXYVzGxaaKX6EUf48oY5vnSP8do2dgjG4sTD3Bb87Ezc9BbB_FHC45NfN8gdkvbCO_miyx7amnem-ZG7yJvPgHRM5jqm9Msur1HzZh8d1Erg6Tbu_7G6hEtfAkv53DOj4o5ATU1esAWoFOV-E17Lcu1OoMWs7eVkCg6lZ_TXBCqr7UELuTR8MYujRVtX8ZOT6izGT4IkN39OWfjhukGGASdG0lJyAoayeEuooDF68XuDlXjfA3kefznkfzic7heIl1BWWKLklQxgwzzAzWVy0fA3lx8F58gTGvjXQAxu6Bk.48Co1DUXxWnb6c27GmWTrlclarLURp0bMU5Thh1gTZY&dib_tag=se&keywords=hardwood+floor+cleaner&qid=1757863984&sr=8-47,fl oz,64.0,64.0,1.55859375
9/14/2025,Home,Home,H5-Hardwood floor cleaner,Floor cleaner,"Weiman Hardwood Floor Cleaner and Polish Restorer Combo - 2 Pack - High-Traffic Hardwood Floor, Natural Shine, Removes Scratches, Leaves Protective Layer",253.0,Weiman,amazon,https://www.amazon.sa/-/en/Weiman-Hardwood-Cleaner-Polish-Restorer/dp/B07DNH3Z7Q/ref=sr_1_50?dib=eyJ2IjoiMSJ9.JXYVzGxaaKX6EUf48oY5vnSP8do2dgjG4sTD3Bb87Ezc9BbB_FHC45NfN8gdkvbCO_miyx7amnem-ZG7yJvPgHRM5jqm9Msur1HzZh8d1Erg6Tbu_7G6hEtfAkv53DOj4o5ATU1esAWoFOV-E17Lcu1OoMWs7eVkCg6lZ_TXBCqr7UELuTR8MYujRVtX8ZOT6izGT4IkN39OWfjhukGGASdG0lJyAoayeEuooDF68XuDlXjfA3kefznkfzic7heIl1BWWKLklQxgwzzAzWVy0fA3lx8F58gTGvjXQAxu6Bk.48Co1DUXxWnb6c27GmWTrlclarLURp0bMU5Thh1gTZY&dib_tag=se&keywords=hardwood+floor+cleaner&qid=1757863984&sr=8-50,fl oz,2.1,2.1,120.47619047619048
9/14/2025,Home,Home,H5-Hardwood floor cleaner,Floor cleaner,"Bona Floor Cleaner Parquet Cleaner, Wooden Floor, Parquet Care Bottle 850 ml, Cartridge for Premium Spray Mop",81.63,Bona,amazon,https://www.amazon.sa/-/en/Bona-Cleaner-Parquet-Cartridge-Premium/dp/B09FSSP1F7/ref=sr_1_51?dib=eyJ2IjoiMSJ9.JXYVzGxaaKX6EUf48oY5vnSP8do2dgjG4sTD3Bb87Ezc9BbB_FHC45NfN8gdkvbCO_miyx7amnem-ZG7yJvPgHRM5jqm9Msur1HzZh8d1Erg6Tbu_7G6hEtfAkv53DOj4o5ATU1esAWoFOV-E17Lcu1OoMWs7eVkCg6lZ_TXBCqr7UELuTR8MYujRVtX8ZOT6izGT4IkN39OWfjhukGGASdG0lJyAoayeEuooDF68XuDlXjfA3kefznkfzic7heIl1BWWKLklQxgwzzAzWVy0fA3lx8F58gTGvjXQAxu6Bk.48Co1DUXxWnb6c27GmWTrlclarLURp0bMU5Thh1gTZY&dib_tag=se&keywords=hardwood+floor+cleaner&qid=1757863984&sr=8-51,ml,850.0,0.85,96.03529411764706
9/14/2025,Home,Home,H5-Hardwood floor cleaner,Floor cleaner,WoldoClean Robot Mop Cleaner Specially for Wooden Floors and Floors - 750 ml,109.89,WoldoClean,amazon,https://www.amazon.sa/-/en/WoldoClean-Cleaner-Specially-Wooden-Floors/dp/B0B8YPDW31/ref=sr_1_52?dib=eyJ2IjoiMSJ9.JXYVzGxaaKX6EUf48oY5vnSP8do2dgjG4sTD3Bb87Ezc9BbB_FHC45NfN8gdkvbCO_miyx7amnem-ZG7yJvPgHRM5jqm9Msur1HzZh8d1Erg6Tbu_7G6hEtfAkv53DOj4o5ATU1esAWoFOV-E17Lcu1OoMWs7eVkCg6lZ_TXBCqr7UELuTR8MYujRVtX8ZOT6izGT4IkN39OWfjhukGGASdG0lJyAoayeEuooDF68XuDlXjfA3kefznkfzic7heIl1BWWKLklQxgwzzAzWVy0fA3lx8F58gTGvjXQAxu6Bk.48Co1DUXxWnb6c27GmWTrlclarLURp0bMU5Thh1gTZY&dib_tag=se&keywords=hardwood+floor+cleaner&qid=1757863984&sr=8-52,ml,750.0,0.75,146.52
9/14/2025,Home,Home,H5-Hardwood floor cleaner,Floor cleaner,"Method Squirt + Mop Hardwood Floor Cleaner, Almond, 25 Ounce",133.0,Method,amazon,https://www.amazon.sa/-/en/Method-Squirt-Hardwood-Cleaner-Almond/dp/B0013FOMB4/ref=sr_1_54?dib=eyJ2IjoiMSJ9.JXYVzGxaaKX6EUf48oY5vnSP8do2dgjG4sTD3Bb87Ezc9BbB_FHC45NfN8gdkvbCO_miyx7amnem-ZG7yJvPgHRM5jqm9Msur1HzZh8d1Erg6Tbu_7G6hEtfAkv53DOj4o5ATU1esAWoFOV-E17Lcu1OoMWs7eVkCg6lZ_TXBCqr7UELuTR8MYujRVtX8ZOT6izGT4IkN39OWfjhukGGASdG0lJyAoayeEuooDF68XuDlXjfA3kefznkfzic7heIl1BWWKLklQxgwzzAzWVy0fA3lx8F58gTGvjXQAxu6Bk.48Co1DUXxWnb6c27GmWTrlclarLURp0bMU5Thh1gTZY&dib_tag=se&keywords=hardwood+floor+cleaner&qid=1757863984&sr=8-54,fl oz,25.0,25.0,5.32
9/14/2025,Home,Home,H5-Hardwood floor cleaner,Floor cleaner,"Bona Wood Floor Cleaner, 1 L",107.19,Bona,amazon,https://www.amazon.sa/-/en/Bona-WM740113011-Wood-Floor-Cleaner/dp/B001UEVIEM/ref=sr_1_55?dib=eyJ2IjoiMSJ9.JXYVzGxaaKX6EUf48oY5vnSP8do2dgjG4sTD3Bb87Ezc9BbB_FHC45NfN8gdkvbCO_miyx7amnem-ZG7yJvPgHRM5jqm9Msur1HzZh8d1Erg6Tbu_7G6hEtfAkv53DOj4o5ATU1esAWoFOV-E17Lcu1OoMWs7eVkCg6lZ_TXBCqr7UELuTR8MYujRVtX8ZOT6izGT4IkN39OWfjhukGGASdG0lJyAoayeEuooDF68XuDlXjfA3kefznkfzic7heIl1BWWKLklQxgwzzAzWVy0fA3lx8F58gTGvjXQAxu6Bk.48Co1DUXxWnb6c27GmWTrlclarLURp0bMU5Thh1gTZY&dib_tag=se&keywords=hardwood+floor+cleaner&qid=1757863984&sr=8-55,L,1.0,1.0,107.19
9/14/2025,Home,Home,H5-Hardwood floor cleaner,Floor cleaner,Method - Wood Floor Cleaner - 739ml,29.0,Method,mumzworld,https://www.mumzworld.com/sa-en/method-wood-floor-cleaner-739ml?source=Search,ml,739.0,0.739,39.242219215155615
9/14/2025,Home,Home,H5-Hardwood floor cleaner,Floor cleaner,Bona Cedar Wood Scented Hardwood Floor Cleaner 946ml WM700051223,49.95,Bona,saco,https://www.saco.sa/en/Bona-Cedar-Wood-Scented-Hardwood-Floor-Cleaner-946ml-WM700051223/p/000000000000098370,ml,946.0,0.946,52.801268498942925
9/14/2025,Home,Home,H5-Hardwood floor cleaner,Floor cleaner,Bona Hardwood Floor Cleaner Ready-To-Use Refill Clear 3.78 Liter WM700018159,119.0,Bona,saco,https://www.saco.sa/en/Bona-Hardwood-Floor-Cleaner-Ready-To-Use-Refill-Clear-3-78-Liter-WM700018159/p/000000000000096564,L,3.78,3.78,31.481481481481485
9/14/2025,Home,Home,H5-Hardwood floor cleaner,Floor cleaner,Bona Residue-Free Plant Based Formula Hardwood Floor Cleaner Spray 32fl oz WM700051171,49.95,Bona,saco,https://www.saco.sa/en/Bona-Residue-Free-Plant-Based-Formula-Hardwood-Floor-Cleaner-Spray-32fl-oz-WM700051171/p/000000000000098521,fl oz,32.0,32.0,1.5609375
9/14/2025,Home,Home,H5-Hardwood floor cleaner,Floor cleaner,Zep Ready-To-Use Hardwood and Laminate Floor Cleaner 946ml ZUHLF32,59.95,Zep,saco,https://www.saco.sa/en/Zep-Ready-To-Use-Hardwood-and-Laminate-Floor-Cleaner-946ml-ZUHLF32/p/000000000000102465,ml,946.0,0.946,63.37209302325582
9/14/2025,Home,Home,H5-Hardwood floor cleaner,Floor cleaner,Bona Lemon Mint Scented Ready-To-Use Hard-Surface Floor Cleaner Refill 3.78 Liter WM700018200,129.0,Bona,saco,https://www.saco.sa/en/Bona-Lemon-Mint-Scented-Ready-To-Use-Hard-Surface-Floor-Cleaner-Refill-3-78-Liter-WM700018200/p/000000000000097313,L,3.78,3.78,34.12698412698413
9/14/2025,Home,Home,H5-Hardwood floor cleaner,Floor cleaner,Bona Hardwood Floor Cleaner 33oz,49.95,Bona,saco,https://www.saco.sa/en/Bona-Hardwood-Floor-Cleaner-33oz/p/000000000000043332,fl oz,33.0,33.0,1.5136363636363637
9/14/2025,Home,Home,H5-Tile and laminate cleaner,Floor cleaner,"Bona Stone, Tile & Laminate Floor Cleaner Spray Formulated for linoleum, stone, terrazzo, vinyl, sealed porous marble, laminate and no-wax sealed tile, 32 oz. Dries fast, no dulling residue",31.85,Bona,amazon,https://www.amazon.sa/-/en/Bona-Laminate-Formulated-linoleum-terrazzo/dp/B085LLRYJ3/ref=sr_1_5?dib=eyJ2IjoiMSJ9.E-27kNX70Ae_jsb3LD0OJivYjYQBlWUexlPrvoAW9kv3j5J90yCzVCIpfmdcRjpyZBLTepu_ZNf0eoFf4Z8qu17y6f2oKb5uJKbQJ2YShQV5LDT6ZzGmmREqav-C1BFpPrj1HZkZsVZTIGZ08M7WTBF53aFqs8a4mj4iIMqLcAo7sEASj6WGIS20ZiySsf7iooG1bykC8RoM1lY3J4LBMiEfQz3SDguX_dKBoEJOMyVD4GTkUFcQwyHQMN_9SNIbLAhPowZNGib7NxVeTKkqp8S-XAlUQz0QT7j0KX-Uc_g.VDQRXZnMRhsM6bUDwBksspA5kFpwa6eHLxUjl75GAxE&dib_tag=se&keywords=tile+and+laminate+cleaner&qid=1757864496&sr=8-5,fl oz,32.0,32.0,0.9953125
9/14/2025,Home,Home,H5-Tile and laminate cleaner,Floor cleaner,"Bona Multi-Surface Floor Cleaner Spray - 32 fl oz - Unscented - Refillable - Residue-Free Floor Cleaning Solution for Stone, Tile, Laminate, and Vinyl Floors",47.75,Bona,amazon,https://www.amazon.sa/-/en/Bona-Multi-Surface-Floor-Cleaner-Spray/dp/B000CNRVP2/ref=sr_1_7?dib=eyJ2IjoiMSJ9.E-27kNX70Ae_jsb3LD0OJivYjYQBlWUexlPrvoAW9kv3j5J90yCzVCIpfmdcRjpyZBLTepu_ZNf0eoFf4Z8qu17y6f2oKb5uJKbQJ2YShQV5LDT6ZzGmmREqav-C1BFpPrj1HZkZsVZTIGZ08M7WTBF53aFqs8a4mj4iIMqLcAo7sEASj6WGIS20ZiySsf7iooG1bykC8RoM1lY3J4LBMiEfQz3SDguX_dKBoEJOMyVD4GTkUFcQwyHQMN_9SNIbLAhPowZNGib7NxVeTKkqp8S-XAlUQz0QT7j0KX-Uc_g.VDQRXZnMRhsM6bUDwBksspA5kFpwa6eHLxUjl75GAxE&dib_tag=se&keywords=tile+and+laminate+cleaner&qid=1757864496&sr=8-7,fl oz,32.0,32.0,1.4921875
9/14/2025,Home,Home,H5-Tile and laminate cleaner,Floor cleaner,Goo Gone Grout & Tile Cleaner - 28 Ounce - Removes Tough Stains Dirt Caused By Mold Mildew Soap Scum and Hard Water Staining - Safe on Tile Ceramic Porcelain,64.75,Goo Gone,amazon,https://www.amazon.sa/-/en/Goo-Gone-Grout-Tile-Cleaner/dp/B00F3H9GTG/ref=sr_1_9?dib=eyJ2IjoiMSJ9.E-27kNX70Ae_jsb3LD0OJivYjYQBlWUexlPrvoAW9kv3j5J90yCzVCIpfmdcRjpyZBLTepu_ZNf0eoFf4Z8qu17y6f2oKb5uJKbQJ2YShQV5LDT6ZzGmmREqav-C1BFpPrj1HZkZsVZTIGZ08M7WTBF53aFqs8a4mj4iIMqLcAo7sEASj6WGIS20ZiySsf7iooG1bykC8RoM1lY3J4LBMiEfQz3SDguX_dKBoEJOMyVD4GTkUFcQwyHQMN_9SNIbLAhPowZNGib7NxVeTKkqp8S-XAlUQz0QT7j0KX-Uc_g.VDQRXZnMRhsM6bUDwBksspA5kFpwa6eHLxUjl75GAxE&dib_tag=se&keywords=tile+and+laminate+cleaner&qid=1757864496&sr=8-9,fl oz,28.0,28.0,2.3125
9/14/2025,Home,Home,H5-Tile and laminate cleaner,Floor cleaner,"Bona Multi-Surface Floor Cleaner Refill - 128 fl oz - Residue-Free Floor Cleaning Solution for Bona Spray Mop and Spray Bottle Refill - For Use on Stone, Tile, Laminate, and Vinyl Floors",118.75,Bona,amazon,https://www.amazon.sa/-/en/Bona-Multi-Surface-Floor-Cleaner-Refill/dp/B000ALLJW2/ref=sr_1_10?dib=eyJ2IjoiMSJ9.E-27kNX70Ae_jsb3LD0OJivYjYQBlWUexlPrvoAW9kv3j5J90yCzVCIpfmdcRjpyZBLTepu_ZNf0eoFf4Z8qu17y6f2oKb5uJKbQJ2YShQV5LDT6ZzGmmREqav-C1BFpPrj1HZkZsVZTIGZ08M7WTBF53aFqs8a4mj4iIMqLcAo7sEASj6WGIS20ZiySsf7iooG1bykC8RoM1lY3J4LBMiEfQz3SDguX_dKBoEJOMyVD4GTkUFcQwyHQMN_9SNIbLAhPowZNGib7NxVeTKkqp8S-XAlUQz0QT7j0KX-Uc_g.VDQRXZnMRhsM6bUDwBksspA5kFpwa6eHLxUjl75GAxE&dib_tag=se&keywords=tile+and+laminate+cleaner&qid=1757864496&sr=8-10,fl oz,128.0,128.0,0.927734375
9/14/2025,Home,Home,H5-Tile and laminate cleaner,Floor cleaner,"Organic Tile & Floor Cleaner - Disinfect - Antibacterial, Biodegradable, Natural & Non toxic - 5L",134.9,Bioneat,amazon,https://www.amazon.sa/-/en/Organic-Tile-Floor-Cleaner-Antibacterial/dp/B0BG8SYKNG/ref=sr_1_12?dib=eyJ2IjoiMSJ9.E-27kNX70Ae_jsb3LD0OJivYjYQBlWUexlPrvoAW9kv3j5J90yCzVCIpfmdcRjpyZBLTepu_ZNf0eoFf4Z8qu17y6f2oKb5uJKbQJ2YShQV5LDT6ZzGmmREqav-C1BFpPrj1HZkZsVZTIGZ08M7WTBF53aFqs8a4mj4iIMqLcAo7sEASj6WGIS20ZiySsf7iooG1bykC8RoM1lY3J4LBMiEfQz3SDguX_dKBoEJOMyVD4GTkUFcQwyHQMN_9SNIbLAhPowZNGib7NxVeTKkqp8S-XAlUQz0QT7j0KX-Uc_g.VDQRXZnMRhsM6bUDwBksspA5kFpwa6eHLxUjl75GAxE&dib_tag=se&keywords=tile+and+laminate+cleaner&qid=1757864496&sr=8-12,L,5.0,5.0,26.98
9/14/2025,Home,Home,H5-Tile and laminate cleaner,Floor cleaner,"Bona Multi-Surface Hard Floor Cleaner Spray Mop Cartridge - 34 fl oz - Unscented - Refillable - Residue-Free Floor Cleaning Solution for Bona Spray Mops - Stone, Tile, Laminate, and Vinyl Floors",39.75,Bona,amazon,https://www.amazon.sa/-/en/Bona-Multi-Surface-Floor-Cleaner-Cartridge/dp/B071NLBTDZ/ref=sr_1_13?dib=eyJ2IjoiMSJ9.E-27kNX70Ae_jsb3LD0OJivYjYQBlWUexlPrvoAW9kv3j5J90yCzVCIpfmdcRjpyZBLTepu_ZNf0eoFf4Z8qu17y6f2oKb5uJKbQJ2YShQV5LDT6ZzGmmREqav-C1BFpPrj1HZkZsVZTIGZ08M7WTBF53aFqs8a4mj4iIMqLcAo7sEASj6WGIS20ZiySsf7iooG1bykC8RoM1lY3J4LBMiEfQz3SDguX_dKBoEJOMyVD4GTkUFcQwyHQMN_9SNIbLAhPowZNGib7NxVeTKkqp8S-XAlUQz0QT7j0KX-Uc_g.VDQRXZnMRhsM6bUDwBksspA5kFpwa6eHLxUjl75GAxE&dib_tag=se&keywords=tile+and+laminate+cleaner&qid=1757864496&sr=8-13,fl oz,34.0,34.0,1.1691176470588236
9/14/2025,Home,Home,H5-Tile and laminate cleaner,Floor cleaner,Rejuvenate Shine Refresher Hardwood Polish Restorer Removes Scratches from Wood Floors Restores Shine and Protects Laminate Linoleum Tile Vinyl and more,59.95,Rejuvenate,amazon,https://www.amazon.sa/-/en/Rejuvenate-Refresher-Hardwood-Restorer-Scratches/dp/B001N32TBQ/ref=sr_1_14?dib=eyJ2IjoiMSJ9.E-27kNX70Ae_jsb3LD0OJivYjYQBlWUexlPrvoAW9kv3j5J90yCzVCIpfmdcRjpyZBLTepu_ZNf0eoFf4Z8qu17y6f2oKb5uJKbQJ2YShQV5LDT6ZzGmmREqav-C1BFpPrj1HZkZsVZTIGZ08M7WTBF53aFqs8a4mj4iIMqLcAo7sEASj6WGIS20ZiySsf7iooG1bykC8RoM1lY3J4LBMiEfQz3SDguX_dKBoEJOMyVD4GTkUFcQwyHQMN_9SNIbLAhPowZNGib7NxVeTKkqp8S-XAlUQz0QT7j0KX-Uc_g.VDQRXZnMRhsM6bUDwBksspA5kFpwa6eHLxUjl75GAxE&dib_tag=se&keywords=tile+and+laminate+cleaner&qid=1757864496&sr=8-14,fl oz,32.0,32.0,1.8734375
9/14/2025,Home,Home,H5-Tile and laminate cleaner,Floor cleaner,"Bona Stone, Tile & Laminate Cleaner Refill - 4L",195.09,Bona,amazon,https://www.amazon.sa/-/en/Bona-Stone-Laminate-Cleaner-Refill/dp/B0081C9W8U/ref=sr_1_16?dib=eyJ2IjoiMSJ9.E-27kNX70Ae_jsb3LD0OJivYjYQBlWUexlPrvoAW9kv3j5J90yCzVCIpfmdcRjpyZBLTepu_ZNf0eoFf4Z8qu17y6f2oKb5uJKbQJ2YShQV5LDT6ZzGmmREqav-C1BFpPrj1HZkZsVZTIGZ08M7WTBF53aFqs8a4mj4iIMqLcAo7sEASj6WGIS20ZiySsf7iooG1bykC8RoM1lY3J4LBMiEfQz3SDguX_dKBoEJOMyVD4GTkUFcQwyHQMN_9SNIbLAhPowZNGib7NxVeTKkqp8S-XAlUQz0QT7j0KX-Uc_g.VDQRXZnMRhsM6bUDwBksspA5kFpwa6eHLxUjl75GAxE&dib_tag=se&keywords=tile+and+laminate+cleaner&qid=1757864496&sr=8-16,L,4.0,4.0,48.7725
9/14/2025,Home,Home,H5-Tile and laminate cleaner,Floor cleaner,"Bona Multi-Surface Cleaning Machine Formulation, Multi-Surface Floor Cleaner Concentrate Refill, for Stone Tile Laminate and Vinyl LVT/LVP, Lemon Mint Scent, 64 Fl Oz",94.54,Bona,amazon,https://www.amazon.sa/-/en/Bona-Multi-Surface-Cleaning-Formulation-Concentrate/dp/B094DSPFGF/ref=sr_1_20?dib=eyJ2IjoiMSJ9.E-27kNX70Ae_jsb3LD0OJivYjYQBlWUexlPrvoAW9kv3j5J90yCzVCIpfmdcRjpyZBLTepu_ZNf0eoFf4Z8qu17y6f2oKb5uJKbQJ2YShQV5LDT6ZzGmmREqav-C1BFpPrj1HZkZsVZTIGZ08M7WTBF53aFqs8a4mj4iIMqLcAo7sEASj6WGIS20ZiySsf7iooG1bykC8RoM1lY3J4LBMiEfQz3SDguX_dKBoEJOMyVD4GTkUFcQwyHQMN_9SNIbLAhPowZNGib7NxVeTKkqp8S-XAlUQz0QT7j0KX-Uc_g.VDQRXZnMRhsM6bUDwBksspA5kFpwa6eHLxUjl75GAxE&dib_tag=se&keywords=tile+and+laminate+cleaner&qid=1757864496&sr=8-20,fl oz,64.0,64.0,1.4771875
9/14/2025,Home,Home,H5-Tile and laminate cleaner,Floor cleaner,"Marble And Wood Floor Cleaner, Azonee No-Rinse Concentrate For Wooden, Tile, Ceramic, Porcelain, Granite, Natural Stone, Vinyl And Brick Surfaces, Multipurpose Use (280ml)",39.77,Azonee,amazon,https://www.amazon.sa/-/en/Azonee-No-Rinse-Concentrate-Porcelain-Multipurpose/dp/B0FFZCXKQ7/ref=sr_1_26?dib=eyJ2IjoiMSJ9.E-27kNX70Ae_jsb3LD0OJivYjYQBlWUexlPrvoAW9kv3j5J90yCzVCIpfmdcRjpyZBLTepu_ZNf0eoFf4Z8qu17y6f2oKb5uJKbQJ2YShQV5LDT6ZzGmmREqav-C1BFpPrj1HZkZsVZTIGZ08M7WTBF53aFqs8a4mj4iIMqLcAo7sEASj6WGIS20ZiySsf7iooG1bykC8RoM1lY3J4LBMiEfQz3SDguX_dKBoEJOMyVD4GTkUFcQwyHQMN_9SNIbLAhPowZNGib7NxVeTKkqp8S-XAlUQz0QT7j0KX-Uc_g.VDQRXZnMRhsM6bUDwBksspA5kFpwa6eHLxUjl75GAxE&dib_tag=se&keywords=tile+and+laminate+cleaner&qid=1757864496&sr=8-26,ml,280.0,0.28,142.03571428571428
9/14/2025,Home,Home,H5-Tile and laminate cleaner,Floor cleaner,"ATTITUDE Floor Cleaner Refill, EWG Verified, Streak-Free, Vegan & Plant-Based for Tile, Wood & Laminate Floors, Citrus Zest Scent, 67.6 Fl Oz",158.01,Attitude,amazon,https://www.amazon.sa/-/en/ATTITUDE-Verified-Streak-Free-Plant-Based-Laminate/dp/B08QG3R3XM/ref=sr_1_28?dib=eyJ2IjoiMSJ9.E-27kNX70Ae_jsb3LD0OJivYjYQBlWUexlPrvoAW9kv3j5J90yCzVCIpfmdcRjpyZBLTepu_ZNf0eoFf4Z8qu17y6f2oKb5uJKbQJ2YShQV5LDT6ZzGmmREqav-C1BFpPrj1HZkZsVZTIGZ08M7WTBF53aFqs8a4mj4iIMqLcAo7sEASj6WGIS20ZiySsf7iooG1bykC8RoM1lY3J4LBMiEfQz3SDguX_dKBoEJOMyVD4GTkUFcQwyHQMN_9SNIbLAhPowZNGib7NxVeTKkqp8S-XAlUQz0QT7j0KX-Uc_g.VDQRXZnMRhsM6bUDwBksspA5kFpwa6eHLxUjl75GAxE&dib_tag=se&keywords=tile+and+laminate+cleaner&qid=1757864496&sr=8-28,fl oz,67.6,67.6,2.3374260355029586
9/14/2025,Home,Home,H5-Tile and laminate cleaner,Floor cleaner,"Scrubbing Bubbles Bathroom Grime Fighter Aerosol, Disinfectant Spray; Effective Tile, Bathtub, Shower and Overall Bathroom Cleaner (1 Aerosol Spray), Rainshower, 20 oz",44.75,Scrubbing Bubbles,amazon,https://www.amazon.sa/-/en/Scrubbing-Bubbles-Disinfectant-Effective-Rainshower/dp/B01GFLZ44O/ref=sr_1_29?dib=eyJ2IjoiMSJ9.E-27kNX70Ae_jsb3LD0OJivYjYQBlWUexlPrvoAW9kv3j5J90yCzVCIpfmdcRjpyZBLTepu_ZNf0eoFf4Z8qu17y6f2oKb5uJKbQJ2YShQV5LDT6ZzGmmREqav-C1BFpPrj1HZkZsVZTIGZ08M7WTBF53aFqs8a4mj4iIMqLcAo7sEASj6WGIS20ZiySsf7iooG1bykC8RoM1lY3J4LBMiEfQz3SDguX_dKBoEJOMyVD4GTkUFcQwyHQMN_9SNIbLAhPowZNGib7NxVeTKkqp8S-XAlUQz0QT7j0KX-Uc_g.VDQRXZnMRhsM6bUDwBksspA5kFpwa6eHLxUjl75GAxE&dib_tag=se&keywords=tile+and+laminate+cleaner&qid=1757864496&sr=8-29,fl oz,20.0,20.0,2.2375
9/14/2025,Home,Home,H5-Tile and laminate cleaner,Floor cleaner,"Quick Shine Multi Surface Deep Floor Cleaner and Remover 27oz | Removes Wax Build-Up, Revitalizes Floors & Cleans Grout | Use on Hardwood, Laminate, LVT, Tile and Stone | Pro-Level Cleaning",110.45,Quick Shine,amazon,https://www.amazon.sa/-/en/Quick-Shine-Build-Up-Revitalizes-Pro-Level/dp/B0069RFDOQ/ref=sr_1_38?dib=eyJ2IjoiMSJ9.E-27kNX70Ae_jsb3LD0OJivYjYQBlWUexlPrvoAW9kv3j5J90yCzVCIpfmdcRjpyZBLTepu_ZNf0eoFf4Z8qu17y6f2oKb5uJKbQJ2YShQV5LDT6ZzGmmREqav-C1BFpPrj1HZkZsVZTIGZ08M7WTBF53aFqs8a4mj4iIMqLcAo7sEASj6WGIS20ZiySsf7iooG1bykC8RoM1lY3J4LBMiEfQz3SDguX_dKBoEJOMyVD4GTkUFcQwyHQMN_9SNIbLAhPowZNGib7NxVeTKkqp8S-XAlUQz0QT7j0KX-Uc_g.VDQRXZnMRhsM6bUDwBksspA5kFpwa6eHLxUjl75GAxE&dib_tag=se&keywords=tile+and+laminate+cleaner&qid=1757864496&sr=8-38,fl oz,27.0,27.0,4.090740740740741
9/14/2025,Home,Home,H5-Tile and laminate cleaner,Floor cleaner,"Quick Shine Multi Surface Floor Finish 64oz | Cleaner & Polish to use on Hardwood, Laminate, Luxury Vinyl Plank LVT, Tile & Stone | Safer Choice w/Clean Shine Technology | Shine-Protect-Refresh",136.0,Quick Shine,amazon,https://www.amazon.sa/-/en/Quick-Shine-Hardwood-Technology-Shine-Protect-Refresh/dp/B007TSJLCE/ref=sr_1_40?dib=eyJ2IjoiMSJ9.E-27kNX70Ae_jsb3LD0OJivYjYQBlWUexlPrvoAW9kv3j5J90yCzVCIpfmdcRjpyZBLTepu_ZNf0eoFf4Z8qu17y6f2oKb5uJKbQJ2YShQV5LDT6ZzGmmREqav-C1BFpPrj1HZkZsVZTIGZ08M7WTBF53aFqs8a4mj4iIMqLcAo7sEASj6WGIS20ZiySsf7iooG1bykC8RoM1lY3J4LBMiEfQz3SDguX_dKBoEJOMyVD4GTkUFcQwyHQMN_9SNIbLAhPowZNGib7NxVeTKkqp8S-XAlUQz0QT7j0KX-Uc_g.VDQRXZnMRhsM6bUDwBksspA5kFpwa6eHLxUjl75GAxE&dib_tag=se&keywords=tile+and+laminate+cleaner&qid=1757864496&sr=8-40,fl oz,64.0,64.0,2.125
9/14/2025,Home,Home,H5-Tile and laminate cleaner,Floor cleaner,Weiman Stone Tile and Laminate Cleaner - 32 Ounce - Professional Tile Marble Granite Limestone Slate Terra Cotta Terrazzo and More Stone Floor Surface Cleaner,212.88,Weiman,amazon,https://www.amazon.sa/-/en/Weiman-Stone-Tile-Laminate-Cleaner/dp/B075DTGL8X/ref=sr_1_42?dib=eyJ2IjoiMSJ9.E-27kNX70Ae_jsb3LD0OJivYjYQBlWUexlPrvoAW9kv3j5J90yCzVCIpfmdcRjpyZBLTepu_ZNf0eoFf4Z8qu17y6f2oKb5uJKbQJ2YShQV5LDT6ZzGmmREqav-C1BFpPrj1HZkZsVZTIGZ08M7WTBF53aFqs8a4mj4iIMqLcAo7sEASj6WGIS20ZiySsf7iooG1bykC8RoM1lY3J4LBMiEfQz3SDguX_dKBoEJOMyVD4GTkUFcQwyHQMN_9SNIbLAhPowZNGib7NxVeTKkqp8S-XAlUQz0QT7j0KX-Uc_g.VDQRXZnMRhsM6bUDwBksspA5kFpwa6eHLxUjl75GAxE&dib_tag=se&keywords=tile+and+laminate+cleaner&qid=1757864496&sr=8-42,fl oz,32.0,32.0,6.6525
9/14/2025,Home,Home,H5-Tile and laminate cleaner,Floor cleaner,"Bona Hard-Surface Floor Cleaner, Quickly Cleans Dirt & Grime, Steak-Free, Dries Fast, for Stone, Tile, Laminate and Vinyl LVT/LVP, Unscented, 36 Fl.Oz. ( 1.06 L )",69.0,Bona,amazon,https://www.amazon.sa/-/en/Bona-Hard-Surface-Steak-Free-Laminate-Unscented/dp/B001GL1PL0/ref=sr_1_45?dib=eyJ2IjoiMSJ9.E-27kNX70Ae_jsb3LD0OJivYjYQBlWUexlPrvoAW9kv3j5J90yCzVCIpfmdcRjpyZBLTepu_ZNf0eoFf4Z8qu17y6f2oKb5uJKbQJ2YShQV5LDT6ZzGmmREqav-C1BFpPrj1HZkZsVZTIGZ08M7WTBF53aFqs8a4mj4iIMqLcAo7sEASj6WGIS20ZiySsf7iooG1bykC8RoM1lY3J4LBMiEfQz3SDguX_dKBoEJOMyVD4GTkUFcQwyHQMN_9SNIbLAhPowZNGib7NxVeTKkqp8S-XAlUQz0QT7j0KX-Uc_g.VDQRXZnMRhsM6bUDwBksspA5kFpwa6eHLxUjl75GAxE&dib_tag=se&keywords=tile+and+laminate+cleaner&qid=1757864496&sr=8-45,L,1.0,1.0,69.0
9/14/2025,Home,Home,H5-Tile and laminate cleaner,Floor cleaner,"MELLERUD Mellerud Tile & Porcelain Stoneware Cleaner, 1 x 1 Litre, Reliable Agent for Removing Greasy and Stubborn Dirt",71.3,Mellerud,amazon,https://www.amazon.sa/-/en/MELLERUD-Mellerud-Porcelain-Stoneware-Reliable/dp/B006PB53U0/ref=sr_1_46?dib=eyJ2IjoiMSJ9.E-27kNX70Ae_jsb3LD0OJivYjYQBlWUexlPrvoAW9kv3j5J90yCzVCIpfmdcRjpyZBLTepu_ZNf0eoFf4Z8qu17y6f2oKb5uJKbQJ2YShQV5LDT6ZzGmmREqav-C1BFpPrj1HZkZsVZTIGZ08M7WTBF53aFqs8a4mj4iIMqLcAo7sEASj6WGIS20ZiySsf7iooG1bykC8RoM1lY3J4LBMiEfQz3SDguX_dKBoEJOMyVD4GTkUFcQwyHQMN_9SNIbLAhPowZNGib7NxVeTKkqp8S-XAlUQz0QT7j0KX-Uc_g.VDQRXZnMRhsM6bUDwBksspA5kFpwa6eHLxUjl75GAxE&dib_tag=se&keywords=tile+and+laminate+cleaner&qid=1757864496&sr=8-46,ml,1000.0,1.0,71.3
9/14/2025,Home,Home,H5-Tile and laminate cleaner,Floor cleaner,Bona Stone Tile and Laminate Floor Cleaner Refill 4.73 Liter,129.0,Bona,saco,https://www.saco.sa/en/Bona-Stone-Tile-and-Laminate-Floor-Cleaner-Refill-4-73-Liter/p/000000000000022053,L,4.73,4.73,27.27272727272727
9/14/2025,Home,Home,H5-Wax and floor polish,Floor polish,Rejuvenate All Floors Restorer and Polish Fills in Scratches Protects & Restores Shine No Sanding Required (32 oz),109.0,Rejuvenate,amazon,https://www.amazon.sa/-/en/Rejuvenate-Restorer-Scratches-Protects-Restores/dp/B001L0EP4K/ref=sr_1_7?dib=eyJ2IjoiMSJ9.MzMAolTTFLFO5I_mA9iJay4s-l9XIy01kFDvU3ZGcpfOTF3fLvFcUDB1Hcee6WRBxRbNE-6wul5F2GDesAbnVTiuQmU4c3e3adLq98Kvh0NqDvZnUCT4Ea4GWlyhLXvBCYezT9q9yCG2r8DgFdq5iMUNMTmWrGB0OndCuQqFqzX88bh3-aJC5paDXvbGIdNLMymb6b4_JtxPXpILY7NyBSuKLLqff0ocZ-eUb-fYKTNLWNeJYp5mEoJf4zpF_epmSiVE_yEQXRipygoQUQLulATfsL8Rzd5tBBo7V4EA0Qs.5oMtgkk-XiPpRnX7rtBqd1moTZxN7qqcTY0LEHRLcZc&dib_tag=se&keywords=wax+and+floor+polish&qid=1757865106&sr=8-7,fl oz,32.0,32.0,3.40625
9/14/2025,Home,Home,H5-Wax and floor polish,Floor polish,Rejuvenate All Floors Restorer and Polish Fills in Scratches Protects & Restores Shine No Sanding Required,88.0,Rejuvenate,amazon,https://www.amazon.sa/-/en/Rejuvenate-Restorer-Scratches-Protects-Restores/dp/B000LX892C/ref=sr_1_8?dib=eyJ2IjoiMSJ9.MzMAolTTFLFO5I_mA9iJay4s-l9XIy01kFDvU3ZGcpfOTF3fLvFcUDB1Hcee6WRBxRbNE-6wul5F2GDesAbnVTiuQmU4c3e3adLq98Kvh0NqDvZnUCT4Ea4GWlyhLXvBCYezT9q9yCG2r8DgFdq5iMUNMTmWrGB0OndCuQqFqzX88bh3-aJC5paDXvbGIdNLMymb6b4_JtxPXpILY7NyBSuKLLqff0ocZ-eUb-fYKTNLWNeJYp5mEoJf4zpF_epmSiVE_yEQXRipygoQUQLulATfsL8Rzd5tBBo7V4EA0Qs.5oMtgkk-XiPpRnX7rtBqd1moTZxN7qqcTY0LEHRLcZc&dib_tag=se&keywords=wax+and+floor+polish&qid=1757865106&sr=8-8,fl oz,16.0,16.0,5.5
9/14/2025,Home,Home,H5-Wax and floor polish,Floor polish,"Weiman Wood Floor Polish and Restorer - 32 Ounce - High-Traffic Hardwood Floor, Natural Shine, Removes Scratches, Leaves Protective Layer",109.75,Weiman,amazon,https://www.amazon.sa/-/en/Weiman-Wood-Floor-Polish-Restorer/dp/B075DVGS2C/ref=sr_1_16?dib=eyJ2IjoiMSJ9.MzMAolTTFLFO5I_mA9iJay4s-l9XIy01kFDvU3ZGcpfOTF3fLvFcUDB1Hcee6WRBxRbNE-6wul5F2GDesAbnVTiuQmU4c3e3adLq98Kvh0NqDvZnUCT4Ea4GWlyhLXvBCYezT9q9yCG2r8DgFdq5iMUNMTmWrGB0OndCuQqFqzX88bh3-aJC5paDXvbGIdNLMymb6b4_JtxPXpILY7NyBSuKLLqff0ocZ-eUb-fYKTNLWNeJYp5mEoJf4zpF_epmSiVE_yEQXRipygoQUQLulATfsL8Rzd5tBBo7V4EA0Qs.5oMtgkk-XiPpRnX7rtBqd1moTZxN7qqcTY0LEHRLcZc&dib_tag=se&keywords=wax+and+floor+polish&qid=1757865106&sr=8-16,fl oz,32.0,32.0,3.4296875
9/14/2025,Home,Home,H5-Wax and floor polish,Floor polish,Rejuvenate Professional Wood Floor Restorer and Polish with Durable Finish Easy Mop On Application High Gloss Finish 32oz,137.0,Rejuvenate,amazon,https://www.amazon.sa/-/en/Rejuvenate-Professional-Restorer-Durable-Application/dp/B00KS70ARS/ref=sr_1_20?dib=eyJ2IjoiMSJ9.MzMAolTTFLFO5I_mA9iJay4s-l9XIy01kFDvU3ZGcpfOTF3fLvFcUDB1Hcee6WRBxRbNE-6wul5F2GDesAbnVTiuQmU4c3e3adLq98Kvh0NqDvZnUCT4Ea4GWlyhLXvBCYezT9q9yCG2r8DgFdq5iMUNMTmWrGB0OndCuQqFqzX88bh3-aJC5paDXvbGIdNLMymb6b4_JtxPXpILY7NyBSuKLLqff0ocZ-eUb-fYKTNLWNeJYp5mEoJf4zpF_epmSiVE_yEQXRipygoQUQLulATfsL8Rzd5tBBo7V4EA0Qs.5oMtgkk-XiPpRnX7rtBqd1moTZxN7qqcTY0LEHRLcZc&dib_tag=se&keywords=wax+and+floor+polish&qid=1757865106&sr=8-20,fl oz,32.0,32.0,4.28125
9/14/2025,Home,Home,H5-Wax and floor polish,Floor polish,Weiman Wood & Furniture Cleaner & Polish - 12 Ounce - Aerosol Protect Clean Polish Wax Your Wood Tables Chairs Cabinets,49.95,Weiman,amazon,https://www.amazon.sa/-/en/Weiman-Wood-Furniture-Cleaner-Polish/dp/B004X8QC8O/ref=sr_1_26?dib=eyJ2IjoiMSJ9.MzMAolTTFLFO5I_mA9iJay4s-l9XIy01kFDvU3ZGcpfOTF3fLvFcUDB1Hcee6WRBxRbNE-6wul5F2GDesAbnVTiuQmU4c3e3adLq98Kvh0NqDvZnUCT4Ea4GWlyhLXvBCYezT9q9yCG2r8DgFdq5iMUNMTmWrGB0OndCuQqFqzX88bh3-aJC5paDXvbGIdNLMymb6b4_JtxPXpILY7NyBSuKLLqff0ocZ-eUb-fYKTNLWNeJYp5mEoJf4zpF_epmSiVE_yEQXRipygoQUQLulATfsL8Rzd5tBBo7V4EA0Qs.5oMtgkk-XiPpRnX7rtBqd1moTZxN7qqcTY0LEHRLcZc&dib_tag=se&keywords=wax+and+floor+polish&qid=1757865106&sr=8-26,fl oz,12.0,12.0,4.1625000000000005
9/14/2025,Home,Home,H5-Wax and floor polish,Floor polish,"Bona Hardwood Floor Polish, 32 Fl Oz, High Gloss Shine",141.0,Bona,amazon,https://www.amazon.sa/-/en/Bona-Hardwood-Floor-Polish-Gloss/dp/B002FL3JC8/ref=sr_1_27?dib=eyJ2IjoiMSJ9.MzMAolTTFLFO5I_mA9iJay4s-l9XIy01kFDvU3ZGcpfOTF3fLvFcUDB1Hcee6WRBxRbNE-6wul5F2GDesAbnVTiuQmU4c3e3adLq98Kvh0NqDvZnUCT4Ea4GWlyhLXvBCYezT9q9yCG2r8DgFdq5iMUNMTmWrGB0OndCuQqFqzX88bh3-aJC5paDXvbGIdNLMymb6b4_JtxPXpILY7NyBSuKLLqff0ocZ-eUb-fYKTNLWNeJYp5mEoJf4zpF_epmSiVE_yEQXRipygoQUQLulATfsL8Rzd5tBBo7V4EA0Qs.5oMtgkk-XiPpRnX7rtBqd1moTZxN7qqcTY0LEHRLcZc&dib_tag=se&keywords=wax+and+floor+polish&qid=1757865106&sr=8-27,fl oz,32.0,32.0,4.40625
9/14/2025,Home,Home,H5-Wax and floor polish,Floor polish,"Excefore Stone Polishing Care Wax, Granite Cleaner and Polish, Quartz Countertop Cleaner, Marble Polish for Marble Furniture, Ceramic Tiles, Stone Floor, Stone Polish Protection, 7OZ",57.99,Excefore,amazon,https://www.amazon.sa/-/en/Excefore-Polishing-Countertop-Furniture-Protection/dp/B0CYZR6DQL/ref=sr_1_55?dib=eyJ2IjoiMSJ9.MzMAolTTFLFO5I_mA9iJay4s-l9XIy01kFDvU3ZGcpfOTF3fLvFcUDB1Hcee6WRBxRbNE-6wul5F2GDesAbnVTiuQmU4c3e3adLq98Kvh0NqDvZnUCT4Ea4GWlyhLXvBCYezT9q9yCG2r8DgFdq5iMUNMTmWrGB0OndCuQqFqzX88bh3-aJC5paDXvbGIdNLMymb6b4_JtxPXpILY7NyBSuKLLqff0ocZ-eUb-fYKTNLWNeJYp5mEoJf4zpF_epmSiVE_yEQXRipygoQUQLulATfsL8Rzd5tBBo7V4EA0Qs.5oMtgkk-XiPpRnX7rtBqd1moTZxN7qqcTY0LEHRLcZc&dib_tag=se&keywords=wax+and+floor+polish&qid=1757865106&sr=8-55,fl oz,7.0,7.0,8.284285714285714
9/14/2025,Home,Home,H5-Marble cleaner,Marble floor cleaner,"Jif Floor Expert Marble, 2X concentration formula for powerful cleaning, Lavender & Tea Tree Oil, adds brightness & brilliant shine, 1500ml",18.95,Jif,amazon,https://www.amazon.sa/-/en/Jif-concentration-powerful-brightness-brilliant/dp/B08DDRJTGJ/ref=sr_1_5?dib=eyJ2IjoiMSJ9.POlqwXtJo4YtMSjtF46ZiDF1OjbGzm-Yq8HT_p6kS7FjkSwkakuLMlGd4iQNfPHwSvggkMF4PdFdVE56MLONbiT1zDRT5JpLvVKUwVJsOAJBHTwsYvIUj6TwT8ss_iwaOa6PUsUKyRb7IJLOJb49CGlDdRVWTlLc6gAjSsyAlQNvsgaIZYsxtU196VY-aQOSvk4_oSMGr-_4pevgGz2x28WLsHuLHx7oTXZEmSgQ1TG-5iIGbHuM7m_-y8M889j1RRIJmoLXyyHk92VEPk0mTYl9Ll3-jyv8Lx8enI9FPoc.ENL6_mghJFa4bip0PZw_S9I5cGSDZIiUoGRZGg_enMU&dib_tag=se&keywords=marble+cleaner&qid=1757865336&sr=8-5,ml,1500.0,1.5,12.633333333333333
9/14/2025,Home,Home,H5-Marble cleaner,Marble floor cleaner,"PARKER & BAILEY Granite & Stone Cleaner - Granite Countertop Cleaner Kitchen Island Cleaning Spray Marble Cleaner Tile Cleaner Slate Quartz Daily Granite Cleaner Bathroom Counter Cleaner -White, 24 Oz",59.95,Parker & Bailey,amazon,https://www.amazon.sa/-/en/PARKER-BAILEY-Granite-Stone-Cleaner/dp/B00NYNVV76/ref=sr_1_7?dib=eyJ2IjoiMSJ9.POlqwXtJo4YtMSjtF46ZiDF1OjbGzm-Yq8HT_p6kS7FjkSwkakuLMlGd4iQNfPHwSvggkMF4PdFdVE56MLONbiT1zDRT5JpLvVKUwVJsOAJBHTwsYvIUj6TwT8ss_iwaOa6PUsUKyRb7IJLOJb49CGlDdRVWTlLc6gAjSsyAlQNvsgaIZYsxtU196VY-aQOSvk4_oSMGr-_4pevgGz2x28WLsHuLHx7oTXZEmSgQ1TG-5iIGbHuM7m_-y8M889j1RRIJmoLXyyHk92VEPk0mTYl9Ll3-jyv8Lx8enI9FPoc.ENL6_mghJFa4bip0PZw_S9I5cGSDZIiUoGRZGg_enMU&dib_tag=se&keywords=marble+cleaner&qid=1757865336&sr=8-7,fl oz,24.0,24.0,2.497916666666667
9/14/2025,Home,Home,H5-Marble cleaner,Marble floor cleaner,"Method Daily Granite Cleaner Spray, Apple Orchard, Plant-Based Cleaning Agent for Granite, Marble, and Other Sealed Stone, 28 oz Spray Bottle (Pack of 1)",100.0,Method,amazon,https://www.amazon.sa/-/en/Method-Granite-Cleaner-Plant-Based-Cleaning/dp/B00O33EGQ4/ref=sr_1_11?dib=eyJ2IjoiMSJ9.POlqwXtJo4YtMSjtF46ZiDF1OjbGzm-Yq8HT_p6kS7FjkSwkakuLMlGd4iQNfPHwSvggkMF4PdFdVE56MLONbiT1zDRT5JpLvVKUwVJsOAJBHTwsYvIUj6TwT8ss_iwaOa6PUsUKyRb7IJLOJb49CGlDdRVWTlLc6gAjSsyAlQNvsgaIZYsxtU196VY-aQOSvk4_oSMGr-_4pevgGz2x28WLsHuLHx7oTXZEmSgQ1TG-5iIGbHuM7m_-y8M889j1RRIJmoLXyyHk92VEPk0mTYl9Ll3-jyv8Lx8enI9FPoc.ENL6_mghJFa4bip0PZw_S9I5cGSDZIiUoGRZGg_enMU&dib_tag=se&keywords=marble+cleaner&qid=1757865336&sr=8-11,fl oz,28.0,28.0,3.571428571428572
9/14/2025,Home,Home,H5-Marble cleaner,Marble floor cleaner,"Granite Gold Clean and Shine Spray-Streak-Free Deep Cleaning & Polishing of Granite, Marble, Quartz, 24 Fl Oz (Pack of 1)",140.0,Granite Gold,amazon,https://www.amazon.sa/-/en/Granite-Gold-Spray-Streak-Free-Cleaning-Polishing/dp/B00L7L1370/ref=sr_1_13?dib=eyJ2IjoiMSJ9.POlqwXtJo4YtMSjtF46ZiDF1OjbGzm-Yq8HT_p6kS7FjkSwkakuLMlGd4iQNfPHwSvggkMF4PdFdVE56MLONbiT1zDRT5JpLvVKUwVJsOAJBHTwsYvIUj6TwT8ss_iwaOa6PUsUKyRb7IJLOJb49CGlDdRVWTlLc6gAjSsyAlQNvsgaIZYsxtU196VY-aQOSvk4_oSMGr-_4pevgGz2x28WLsHuLHx7oTXZEmSgQ1TG-5iIGbHuM7m_-y8M889j1RRIJmoLXyyHk92VEPk0mTYl9Ll3-jyv8Lx8enI9FPoc.ENL6_mghJFa4bip0PZw_S9I5cGSDZIiUoGRZGg_enMU&dib_tag=se&keywords=marble+cleaner&qid=1757865336&sr=8-13,fl oz,24.0,24.0,5.833333333333333
9/14/2025,Home,Home,H5-Marble cleaner,Marble floor cleaner,"Granite Gold Daily Cleaner for Granite, Marble & Other Natural Stone & Quartz Surfaces, 32 Ounces",124.0,Granite Gold,amazon,https://www.amazon.sa/-/en/Granite-Gold-Cleaner-Natural-Surfaces/dp/B0892F9FGB/ref=sr_1_14?dib=eyJ2IjoiMSJ9.POlqwXtJo4YtMSjtF46ZiDF1OjbGzm-Yq8HT_p6kS7FjkSwkakuLMlGd4iQNfPHwSvggkMF4PdFdVE56MLONbiT1zDRT5JpLvVKUwVJsOAJBHTwsYvIUj6TwT8ss_iwaOa6PUsUKyRb7IJLOJb49CGlDdRVWTlLc6gAjSsyAlQNvsgaIZYsxtU196VY-aQOSvk4_oSMGr-_4pevgGz2x28WLsHuLHx7oTXZEmSgQ1TG-5iIGbHuM7m_-y8M889j1RRIJmoLXyyHk92VEPk0mTYl9Ll3-jyv8Lx8enI9FPoc.ENL6_mghJFa4bip0PZw_S9I5cGSDZIiUoGRZGg_enMU&dib_tag=se&keywords=marble+cleaner&qid=1757865336&sr=8-14,ml,946.0,0.946,131.07822410147992
9/14/2025,Home,Home,H5-Marble cleaner,Marble floor cleaner,"Black Diamond Stoneworks MARBLE & TILE FLOOR CLEANER. Great for Ceramic, Porcelain, Granite, Natural Stone, Vinyl and Brick. No-rinse Concentrate.(1-Quart)",162.0,Black Diamond Stoneworks,amazon,https://www.amazon.sa/-/en/Black-Diamond-Stoneworks-Porcelain-Concentrate/dp/B002LGUO5M/ref=sr_1_15?dib=eyJ2IjoiMSJ9.POlqwXtJo4YtMSjtF46ZiDF1OjbGzm-Yq8HT_p6kS7FjkSwkakuLMlGd4iQNfPHwSvggkMF4PdFdVE56MLONbiT1zDRT5JpLvVKUwVJsOAJBHTwsYvIUj6TwT8ss_iwaOa6PUsUKyRb7IJLOJb49CGlDdRVWTlLc6gAjSsyAlQNvsgaIZYsxtU196VY-aQOSvk4_oSMGr-_4pevgGz2x28WLsHuLHx7oTXZEmSgQ1TG-5iIGbHuM7m_-y8M889j1RRIJmoLXyyHk92VEPk0mTYl9Ll3-jyv8Lx8enI9FPoc.ENL6_mghJFa4bip0PZw_S9I5cGSDZIiUoGRZGg_enMU&dib_tag=se&keywords=marble+cleaner&qid=1757865336&sr=8-15,fl oz,32.0,32.0,5.0625
9/14/2025,Home,Home,H5-Marble cleaner,Marble floor cleaner,"Goddard's Granite & Marble Polish - Clean and Shine Countertops, Tile, and Stone with Carnauba Wax - Water Stain Protection, 8oz",84.0,Goddard's,amazon,https://www.amazon.sa/-/en/Goddards-Granite-Marble-Polish-Countertops/dp/B000BUEC44/ref=sr_1_17?dib=eyJ2IjoiMSJ9.POlqwXtJo4YtMSjtF46ZiDF1OjbGzm-Yq8HT_p6kS7FjkSwkakuLMlGd4iQNfPHwSvggkMF4PdFdVE56MLONbiT1zDRT5JpLvVKUwVJsOAJBHTwsYvIUj6TwT8ss_iwaOa6PUsUKyRb7IJLOJb49CGlDdRVWTlLc6gAjSsyAlQNvsgaIZYsxtU196VY-aQOSvk4_oSMGr-_4pevgGz2x28WLsHuLHx7oTXZEmSgQ1TG-5iIGbHuM7m_-y8M889j1RRIJmoLXyyHk92VEPk0mTYl9Ll3-jyv8Lx8enI9FPoc.ENL6_mghJFa4bip0PZw_S9I5cGSDZIiUoGRZGg_enMU&dib_tag=se&keywords=marble+cleaner&qid=1757865336&sr=8-17,fl oz,8.0,8.0,10.5
9/14/2025,Home,Home,H5-Marble cleaner,Marble floor cleaner,"Carbona Granite & Marble Cleaner | Non-Abrasive Formula | Safe on Limestone & Corian | 16.8 Fl Oz, 1 Pack",151.76,Carbona,amazon,https://www.amazon.sa/-/en/Carbona-Granite-Cleaner-Non-Abrasive-Limestone/dp/B00BT1LE7W/ref=sr_1_19?dib=eyJ2IjoiMSJ9.POlqwXtJo4YtMSjtF46ZiDF1OjbGzm-Yq8HT_p6kS7FjkSwkakuLMlGd4iQNfPHwSvggkMF4PdFdVE56MLONbiT1zDRT5JpLvVKUwVJsOAJBHTwsYvIUj6TwT8ss_iwaOa6PUsUKyRb7IJLOJb49CGlDdRVWTlLc6gAjSsyAlQNvsgaIZYsxtU196VY-aQOSvk4_oSMGr-_4pevgGz2x28WLsHuLHx7oTXZEmSgQ1TG-5iIGbHuM7m_-y8M889j1RRIJmoLXyyHk92VEPk0mTYl9Ll3-jyv8Lx8enI9FPoc.ENL6_mghJFa4bip0PZw_S9I5cGSDZIiUoGRZGg_enMU&dib_tag=se&keywords=marble+cleaner&qid=1757865336&sr=8-19,fl oz,16.8,16.8,9.033333333333331
9/14/2025,Home,Home,H5-Marble cleaner,Marble floor cleaner,"Granite Gold Shower Cleaner Spray for Quartz, Granite, Marble, Ceramic, and Other Stone Tub Surfaces, Made in the USA, 24 Ounces, Gold",71.3,Granite Gold,amazon,https://www.amazon.sa/-/en/Granite-Gold-Cleaner-Ceramic-Surfaces/dp/B003RGO3ES/ref=sr_1_20?dib=eyJ2IjoiMSJ9.POlqwXtJo4YtMSjtF46ZiDF1OjbGzm-Yq8HT_p6kS7FjkSwkakuLMlGd4iQNfPHwSvggkMF4PdFdVE56MLONbiT1zDRT5JpLvVKUwVJsOAJBHTwsYvIUj6TwT8ss_iwaOa6PUsUKyRb7IJLOJb49CGlDdRVWTlLc6gAjSsyAlQNvsgaIZYsxtU196VY-aQOSvk4_oSMGr-_4pevgGz2x28WLsHuLHx7oTXZEmSgQ1TG-5iIGbHuM7m_-y8M889j1RRIJmoLXyyHk92VEPk0mTYl9Ll3-jyv8Lx8enI9FPoc.ENL6_mghJFa4bip0PZw_S9I5cGSDZIiUoGRZGg_enMU&dib_tag=se&keywords=marble+cleaner&qid=1757865336&sr=8-20,fl oz,24.0,24.0,2.970833333333333
9/14/2025,Home,Home,H5-Marble cleaner,Marble floor cleaner,"Koparo Natural Disinfectant Floor Cleaner Liquid | 1000ml | Jasmine Fragrance | Tile & Marble Cleaner | Eco-friendly & Non-Toxic | Skin Safe, Baby Safe & Pet Friendly",102.08,Koparo,amazon,https://www.amazon.sa/-/en/Koparo-Disinfectant-Fragrance-Eco-friendly-Non-Toxic/dp/B08FT72VTC/ref=sr_1_26?dib=eyJ2IjoiMSJ9.POlqwXtJo4YtMSjtF46ZiDF1OjbGzm-Yq8HT_p6kS7FjkSwkakuLMlGd4iQNfPHwSvggkMF4PdFdVE56MLONbiT1zDRT5JpLvVKUwVJsOAJBHTwsYvIUj6TwT8ss_iwaOa6PUsUKyRb7IJLOJb49CGlDdRVWTlLc6gAjSsyAlQNvsgaIZYsxtU196VY-aQOSvk4_oSMGr-_4pevgGz2x28WLsHuLHx7oTXZEmSgQ1TG-5iIGbHuM7m_-y8M889j1RRIJmoLXyyHk92VEPk0mTYl9Ll3-jyv8Lx8enI9FPoc.ENL6_mghJFa4bip0PZw_S9I5cGSDZIiUoGRZGg_enMU&dib_tag=se&keywords=marble+cleaner&qid=1757865336&sr=8-26,ml,1000.0,1.0,102.08
9/14/2025,Home,Home,H5-Marble cleaner,Marble floor cleaner,"HOPE'S Perfect Granite & Marble Countertop Cleaner, Stain Remover and Polish, Streak-Free, Ammonia-Free, 22 Ounce, Pack of 1",130.0,HOPE'S,amazon,https://www.amazon.sa/-/en/HOPES-Perfect-Countertop-Streak-Free-Ammonia-Free/dp/B002V4RM1I/ref=sr_1_29?dib=eyJ2IjoiMSJ9.POlqwXtJo4YtMSjtF46ZiDF1OjbGzm-Yq8HT_p6kS7FjkSwkakuLMlGd4iQNfPHwSvggkMF4PdFdVE56MLONbiT1zDRT5JpLvVKUwVJsOAJBHTwsYvIUj6TwT8ss_iwaOa6PUsUKyRb7IJLOJb49CGlDdRVWTlLc6gAjSsyAlQNvsgaIZYsxtU196VY-aQOSvk4_oSMGr-_4pevgGz2x28WLsHuLHx7oTXZEmSgQ1TG-5iIGbHuM7m_-y8M889j1RRIJmoLXyyHk92VEPk0mTYl9Ll3-jyv8Lx8enI9FPoc.ENL6_mghJFa4bip0PZw_S9I5cGSDZIiUoGRZGg_enMU&dib_tag=se&keywords=marble+cleaner&qid=1757865336&sr=8-29,fl oz,22.0,22.0,5.909090909090909
9/14/2025,Home,Home,H5-Marble cleaner,Marble floor cleaner,"Granite Gold Polish Spray, Streak-Free Shine for Granite, Quartz, Marble, Travertine, Natural Stone Countertops, 24 Fl Oz (Pack of 1)",140.94,Granite Gold,amazon,https://www.amazon.sa/-/en/Granite-Gold-Polish-Spray-Streak-Free/dp/B000C00HX8/ref=sr_1_30?dib=eyJ2IjoiMSJ9.POlqwXtJo4YtMSjtF46ZiDF1OjbGzm-Yq8HT_p6kS7FjkSwkakuLMlGd4iQNfPHwSvggkMF4PdFdVE56MLONbiT1zDRT5JpLvVKUwVJsOAJBHTwsYvIUj6TwT8ss_iwaOa6PUsUKyRb7IJLOJb49CGlDdRVWTlLc6gAjSsyAlQNvsgaIZYsxtU196VY-aQOSvk4_oSMGr-_4pevgGz2x28WLsHuLHx7oTXZEmSgQ1TG-5iIGbHuM7m_-y8M889j1RRIJmoLXyyHk92VEPk0mTYl9Ll3-jyv8Lx8enI9FPoc.ENL6_mghJFa4bip0PZw_S9I5cGSDZIiUoGRZGg_enMU&dib_tag=se&keywords=marble+cleaner&qid=1757865336&sr=8-30,fl oz,24.0,24.0,5.8725
9/14/2025,Home,Home,H5-Marble cleaner,Marble floor cleaner,"Lundmark Marble Cleaner, Liquid - 946 ml",119.0,Lundmark Wax,amazon,https://www.amazon.sa/-/en/Lundmark-Marble-Cleaner-Liquid-946/dp/B07PVKDNQF/ref=sr_1_32?dib=eyJ2IjoiMSJ9.POlqwXtJo4YtMSjtF46ZiDF1OjbGzm-Yq8HT_p6kS7FjkSwkakuLMlGd4iQNfPHwSvggkMF4PdFdVE56MLONbiT1zDRT5JpLvVKUwVJsOAJBHTwsYvIUj6TwT8ss_iwaOa6PUsUKyRb7IJLOJb49CGlDdRVWTlLc6gAjSsyAlQNvsgaIZYsxtU196VY-aQOSvk4_oSMGr-_4pevgGz2x28WLsHuLHx7oTXZEmSgQ1TG-5iIGbHuM7m_-y8M889j1RRIJmoLXyyHk92VEPk0mTYl9Ll3-jyv8Lx8enI9FPoc.ENL6_mghJFa4bip0PZw_S9I5cGSDZIiUoGRZGg_enMU&dib_tag=se&keywords=marble+cleaner&qid=1757865336&sr=8-32,ml,946.0,0.946,125.79281183932348
9/14/2025,Home,Home,H5-Marble cleaner,Marble floor cleaner,"Stone Care International Granite Cleaner, Polish, and Sealer - 24 Ounce - Cleans Polishes and Seals Stone Granite Quartz Marble Limestone Travertine Slate Surfaces",141.0,Stone Care International,amazon,https://www.amazon.sa/-/en/Stone-Care-International-Granite-Cleaner/dp/B01MQH5JA7/ref=sr_1_33?dib=eyJ2IjoiMSJ9.POlqwXtJo4YtMSjtF46ZiDF1OjbGzm-Yq8HT_p6kS7FjkSwkakuLMlGd4iQNfPHwSvggkMF4PdFdVE56MLONbiT1zDRT5JpLvVKUwVJsOAJBHTwsYvIUj6TwT8ss_iwaOa6PUsUKyRb7IJLOJb49CGlDdRVWTlLc6gAjSsyAlQNvsgaIZYsxtU196VY-aQOSvk4_oSMGr-_4pevgGz2x28WLsHuLHx7oTXZEmSgQ1TG-5iIGbHuM7m_-y8M889j1RRIJmoLXyyHk92VEPk0mTYl9Ll3-jyv8Lx8enI9FPoc.ENL6_mghJFa4bip0PZw_S9I5cGSDZIiUoGRZGg_enMU&dib_tag=se&keywords=marble+cleaner&qid=1757865336&sr=8-33,fl oz,24.0,24.0,5.875
9/14/2025,Home,Home,H5-Marble cleaner,Marble floor cleaner,"Lundmark Marble Restore, Marble and Granite Sealer and Restorer, 32-Ounce, 3536F32-6",119.0,Lundmark Wax,amazon,https://www.amazon.sa/-/en/Lundmark-Restore-Restorer-32-Ounce-3536F32-6/dp/B00106HZNI/ref=sr_1_36?dib=eyJ2IjoiMSJ9.POlqwXtJo4YtMSjtF46ZiDF1OjbGzm-Yq8HT_p6kS7FjkSwkakuLMlGd4iQNfPHwSvggkMF4PdFdVE56MLONbiT1zDRT5JpLvVKUwVJsOAJBHTwsYvIUj6TwT8ss_iwaOa6PUsUKyRb7IJLOJb49CGlDdRVWTlLc6gAjSsyAlQNvsgaIZYsxtU196VY-aQOSvk4_oSMGr-_4pevgGz2x28WLsHuLHx7oTXZEmSgQ1TG-5iIGbHuM7m_-y8M889j1RRIJmoLXyyHk92VEPk0mTYl9Ll3-jyv8Lx8enI9FPoc.ENL6_mghJFa4bip0PZw_S9I5cGSDZIiUoGRZGg_enMU&dib_tag=se&keywords=marble+cleaner&qid=1757865336&sr=8-36,ml,900.0,0.9,132.22222222222223
9/14/2025,Home,Home,H5-Marble cleaner,Marble floor cleaner,"Black Diamond Stoneworks MARBLE & TILE FLOOR CLEANER. Great for Ceramic, Porcelain, Granite, Natural Stone, Vinyl and Brick. No-rinse Concentrate.(1-Gallon)",351.29,Black Diamond Stoneworks,amazon,https://www.amazon.sa/-/en/Black-Diamond-Stoneworks-Porcelain-Concentrate/dp/B00J75IU6A/ref=sr_1_39?dib=eyJ2IjoiMSJ9.POlqwXtJo4YtMSjtF46ZiDF1OjbGzm-Yq8HT_p6kS7FjkSwkakuLMlGd4iQNfPHwSvggkMF4PdFdVE56MLONbiT1zDRT5JpLvVKUwVJsOAJBHTwsYvIUj6TwT8ss_iwaOa6PUsUKyRb7IJLOJb49CGlDdRVWTlLc6gAjSsyAlQNvsgaIZYsxtU196VY-aQOSvk4_oSMGr-_4pevgGz2x28WLsHuLHx7oTXZEmSgQ1TG-5iIGbHuM7m_-y8M889j1RRIJmoLXyyHk92VEPk0mTYl9Ll3-jyv8Lx8enI9FPoc.ENL6_mghJFa4bip0PZw_S9I5cGSDZIiUoGRZGg_enMU&dib_tag=se&keywords=marble+cleaner&qid=1757865336&sr=8-39,fl oz,128.0,128.0,2.744453125
9/14/2025,Home,Home,H5-Marble cleaner,Marble floor cleaner,"Bona Stone, Tile & Laminate Floor Cleaner Spray Formulated for linoleum, stone, terrazzo, vinyl, sealed porous marble, laminate and no-wax sealed tile, 32 oz. Dries fast, no dulling residue",31.85,Bona,amazon,https://www.amazon.sa/-/en/Bona-Laminate-Formulated-linoleum-terrazzo/dp/B085LLRYJ3/ref=sr_1_45?dib=eyJ2IjoiMSJ9.POlqwXtJo4YtMSjtF46ZiDF1OjbGzm-Yq8HT_p6kS7FjkSwkakuLMlGd4iQNfPHwSvggkMF4PdFdVE56MLONbiT1zDRT5JpLvVKUwVJsOAJBHTwsYvIUj6TwT8ss_iwaOa6PUsUKyRb7IJLOJb49CGlDdRVWTlLc6gAjSsyAlQNvsgaIZYsxtU196VY-aQOSvk4_oSMGr-_4pevgGz2x28WLsHuLHx7oTXZEmSgQ1TG-5iIGbHuM7m_-y8M889j1RRIJmoLXyyHk92VEPk0mTYl9Ll3-jyv8Lx8enI9FPoc.ENL6_mghJFa4bip0PZw_S9I5cGSDZIiUoGRZGg_enMU&dib_tag=se&keywords=marble+cleaner&qid=1757865336&sr=8-45,fl oz,32.0,32.0,0.9953125
9/14/2025,Home,Home,H5-Marble cleaner,Marble floor cleaner,"TriNova Granite Sealer & Protector or Clean Countertop Surface, Marble, Tile (18oz)",144.0,TriNova,amazon,https://www.amazon.sa/-/en/TriNova-Granite-Protector-Countertop-Surface/dp/B01AB21E4M/ref=sr_1_53?dib=eyJ2IjoiMSJ9.POlqwXtJo4YtMSjtF46ZiDF1OjbGzm-Yq8HT_p6kS7FjkSwkakuLMlGd4iQNfPHwSvggkMF4PdFdVE56MLONbiT1zDRT5JpLvVKUwVJsOAJBHTwsYvIUj6TwT8ss_iwaOa6PUsUKyRb7IJLOJb49CGlDdRVWTlLc6gAjSsyAlQNvsgaIZYsxtU196VY-aQOSvk4_oSMGr-_4pevgGz2x28WLsHuLHx7oTXZEmSgQ1TG-5iIGbHuM7m_-y8M889j1RRIJmoLXyyHk92VEPk0mTYl9Ll3-jyv8Lx8enI9FPoc.ENL6_mghJFa4bip0PZw_S9I5cGSDZIiUoGRZGg_enMU&dib_tag=se&keywords=marble+cleaner&qid=1757865336&sr=8-53,fl oz,18.0,18.0,8.0
9/14/2025,Home,Home,H5-Marble cleaner,Marble floor cleaner,Method - Granite + Marble Spray Cleaner 354ml,28.0,Method,mumzworld,https://www.mumzworld.com/sa-en/method-granite-marble-spray-cleaner-354ml?source=Search,ml,354.0,0.354,79.09604519774011
9/14/2025,Home,Home,H5-Marble cleaner,Marble floor cleaner,Lundmark Marble Restore 32 oz.,119.0,Lundmark,saco,https://www.saco.sa/en/Lundmark-Marble-Restore-32-oz-/p/000000000000001791,fl oz,32.0,32.0,3.71875
9/14/2025,Home,Home,H5-Marble cleaner,Marble floor cleaner,Jif Concentrated Lavender and Tea Tree Oil Marble Floor Expert 1500ml 69606743,28.95,Jif,saco,https://www.saco.sa/en/Jif-Concentrated-Lavender-and-Tea-Tree-Oil-Marble-Floor-Expert-1500ml-69606743/p/000000000000091225,ml,1500.0,1.5,19.3
9/14/2025,Home,Home,H5-Marble cleaner,Marble floor cleaner,Sprayway Specially Formulated Granite and Marble Cleaner 539g SW702RETAIL,45.95,Sprayway,saco,https://www.saco.sa/en/Sprayway-Specially-Formulated-Granite-and-Marble-Cleaner-539g-SW702RETAIL/p/000000000000106599,g,539.0,539.0,0.0852504638218924
9/14/2025,Home,Home,H6-Wood polish for furniture,Furniture polish,"Pledge Furniture Polish and Cleaner Spray, Original (Promo Pack) 300ml",35.75,Pledge,amazon,https://www.amazon.sa/-/en/Pledge-Furniture-Polish-Cleaner-Original/dp/B08R3HG7YB/ref=sr_1_5?dib=eyJ2IjoiMSJ9.zh5QSt8E1I6QQ4vYNF0pXmNJtXfD6lKvQx-RkA78gC8wB-JyHhktrI6RjnVF3e3yp_g8eR1unTWGs31XJhA7Z9uVDgb0VcZziKW3lVgbf2m-uM6S7pIGE11E0cxFVEknhrf2gBcVUtVWK70UWac8qzbtI5mCEnypn7czIy4qLMQQKtAyxRfMkPWa8Po19mMI64OXSPczK3e07oWbKCyQvU31A-Vq6an44lHMau7E1KJ3sbfbiihIvNjtFHQ4tiffPUn1YrnetZ2Gh9NHgirJ7EHyo1Zztw9841TSxMhm7i4.Zof6QVMHkc7kg_ckTAsIYp2QAduJzF65KxTWmdkzUSA&dib_tag=se&keywords=wood+polish+for+furniture&qid=1757866201&sr=8-5,ml,900.0,0.9,39.72222222222222
9/14/2025,Home,Home,H6-Wood polish for furniture,Furniture polish,"Pledge Furniture Polish and Cleaner Spray - Original Dust-Removing, Fingerprint-Erasing Formula for Multiple Sealed Surfaces - Leaves Protective Glossy Coating, Unscented, 300ml",14.95,Pledge,amazon,https://www.amazon.sa/-/en/Pledge-Furniture-Polish-Cleaner-Spray/dp/B07G97T553/ref=sr_1_6?dib=eyJ2IjoiMSJ9.zh5QSt8E1I6QQ4vYNF0pXmNJtXfD6lKvQx-RkA78gC8wB-JyHhktrI6RjnVF3e3yp_g8eR1unTWGs31XJhA7Z9uVDgb0VcZziKW3lVgbf2m-uM6S7pIGE11E0cxFVEknhrf2gBcVUtVWK70UWac8qzbtI5mCEnypn7czIy4qLMQQKtAyxRfMkPWa8Po19mMI64OXSPczK3e07oWbKCyQvU31A-Vq6an44lHMau7E1KJ3sbfbiihIvNjtFHQ4tiffPUn1YrnetZ2Gh9NHgirJ7EHyo1Zztw9841TSxMhm7i4.Zof6QVMHkc7kg_ckTAsIYp2QAduJzF65KxTWmdkzUSA&dib_tag=se&keywords=wood+polish+for+furniture&qid=1757866201&sr=8-6,ml,300.0,0.3,49.833333333333336
9/14/2025,Home,Home,H6-Wood polish for furniture,Furniture polish,"Pledge Furniture Polish and Cleaner Spray, Twin Pack - Dust-Removing, Fingerprint-Erasing Formula for Multiple Sealed Surfaces - Leaves Protective Glossy Coating, Unscented, 300ml",23.3,Pledge,amazon,https://www.amazon.sa/-/en/Pledge-Furniture-Polish-Cleaner-Spray/dp/B0C1C5GDNY/ref=sr_1_7?dib=eyJ2IjoiMSJ9.zh5QSt8E1I6QQ4vYNF0pXmNJtXfD6lKvQx-RkA78gC8wB-JyHhktrI6RjnVF3e3yp_g8eR1unTWGs31XJhA7Z9uVDgb0VcZziKW3lVgbf2m-uM6S7pIGE11E0cxFVEknhrf2gBcVUtVWK70UWac8qzbtI5mCEnypn7czIy4qLMQQKtAyxRfMkPWa8Po19mMI64OXSPczK3e07oWbKCyQvU31A-Vq6an44lHMau7E1KJ3sbfbiihIvNjtFHQ4tiffPUn1YrnetZ2Gh9NHgirJ7EHyo1Zztw9841TSxMhm7i4.Zof6QVMHkc7kg_ckTAsIYp2QAduJzF65KxTWmdkzUSA&dib_tag=se&keywords=wood+polish+for+furniture&qid=1757866201&sr=8-7,ml,300.0,0.3,77.66666666666667
9/14/2025,Home,Home,H6-Wood polish for furniture,Furniture polish,Elegant Furniture Polish - 300ML - Pack of 4 Assorted,39.95,AFS Elegant,amazon,https://www.amazon.sa/-/en/Elegant-Furniture-Polish-300ML-Assorted/dp/B08SBZQS59/ref=sr_1_8?dib=eyJ2IjoiMSJ9.zh5QSt8E1I6QQ4vYNF0pXmNJtXfD6lKvQx-RkA78gC8wB-JyHhktrI6RjnVF3e3yp_g8eR1unTWGs31XJhA7Z9uVDgb0VcZziKW3lVgbf2m-uM6S7pIGE11E0cxFVEknhrf2gBcVUtVWK70UWac8qzbtI5mCEnypn7czIy4qLMQQKtAyxRfMkPWa8Po19mMI64OXSPczK3e07oWbKCyQvU31A-Vq6an44lHMau7E1KJ3sbfbiihIvNjtFHQ4tiffPUn1YrnetZ2Gh9NHgirJ7EHyo1Zztw9841TSxMhm7i4.Zof6QVMHkc7kg_ckTAsIYp2QAduJzF65KxTWmdkzUSA&dib_tag=se&keywords=wood+polish+for+furniture&qid=1757866201&sr=8-8,ml,300.0,0.3,133.16666666666669
9/14/2025,Home,Home,H6-Wood polish for furniture,Furniture polish,"Howard Products ORS016 Orange Oil Wood Polish, 16 oz",55.0,HOWARD,amazon,https://www.amazon.sa/-/en/Howard-Products-ORS016-Orange-Polish/dp/B000GLHW22/ref=sr_1_9?dib=eyJ2IjoiMSJ9.zh5QSt8E1I6QQ4vYNF0pXmNJtXfD6lKvQx-RkA78gC8wB-JyHhktrI6RjnVF3e3yp_g8eR1unTWGs31XJhA7Z9uVDgb0VcZziKW3lVgbf2m-uM6S7pIGE11E0cxFVEknhrf2gBcVUtVWK70UWac8qzbtI5mCEnypn7czIy4qLMQQKtAyxRfMkPWa8Po19mMI64OXSPczK3e07oWbKCyQvU31A-Vq6an44lHMau7E1KJ3sbfbiihIvNjtFHQ4tiffPUn1YrnetZ2Gh9NHgirJ7EHyo1Zztw9841TSxMhm7i4.Zof6QVMHkc7kg_ckTAsIYp2QAduJzF65KxTWmdkzUSA&dib_tag=se&keywords=wood+polish+for+furniture&qid=1757866201&sr=8-9,fl oz,16.0,16.0,3.4375
9/14/2025,Home,Home,H6-Wood polish for furniture,Furniture polish,"Belage Furniture Polish, 300 ml",8.78,BelAge,amazon,https://www.amazon.sa/-/en/Belage-Furniture-Polish-300-ml/dp/B00S6V6LCG/ref=sr_1_10?dib=eyJ2IjoiMSJ9.zh5QSt8E1I6QQ4vYNF0pXmNJtXfD6lKvQx-RkA78gC8wB-JyHhktrI6RjnVF3e3yp_g8eR1unTWGs31XJhA7Z9uVDgb0VcZziKW3lVgbf2m-uM6S7pIGE11E0cxFVEknhrf2gBcVUtVWK70UWac8qzbtI5mCEnypn7czIy4qLMQQKtAyxRfMkPWa8Po19mMI64OXSPczK3e07oWbKCyQvU31A-Vq6an44lHMau7E1KJ3sbfbiihIvNjtFHQ4tiffPUn1YrnetZ2Gh9NHgirJ7EHyo1Zztw9841TSxMhm7i4.Zof6QVMHkc7kg_ckTAsIYp2QAduJzF65KxTWmdkzUSA&dib_tag=se&keywords=wood+polish+for+furniture&qid=1757866201&sr=8-10,ml,300.0,0.3,29.266666666666666
9/14/2025,Home,Home,H6-Wood polish for furniture,Furniture polish,"Elegant Furniture Polish - Lovely Lavender - 300ML - Pack of 3 - Essential Wood Oils - Enriched Formula Provides ANTIDUST - Cleans, Shines & Cares For Your Furniture",25.95,AFS Elegant,amazon,https://www.amazon.sa/-/en/Elegant-Furniture-Polish-Lavender-Essential/dp/B08SC6VZSP/ref=sr_1_11?dib=eyJ2IjoiMSJ9.zh5QSt8E1I6QQ4vYNF0pXmNJtXfD6lKvQx-RkA78gC8wB-JyHhktrI6RjnVF3e3yp_g8eR1unTWGs31XJhA7Z9uVDgb0VcZziKW3lVgbf2m-uM6S7pIGE11E0cxFVEknhrf2gBcVUtVWK70UWac8qzbtI5mCEnypn7czIy4qLMQQKtAyxRfMkPWa8Po19mMI64OXSPczK3e07oWbKCyQvU31A-Vq6an44lHMau7E1KJ3sbfbiihIvNjtFHQ4tiffPUn1YrnetZ2Gh9NHgirJ7EHyo1Zztw9841TSxMhm7i4.Zof6QVMHkc7kg_ckTAsIYp2QAduJzF65KxTWmdkzUSA&dib_tag=se&keywords=wood+polish+for+furniture&qid=1757866201&sr=8-11,ml,300.0,0.3,86.5
9/14/2025,Home,Home,H6-Wood polish for furniture,Furniture polish,"Pledge Furniture Polish and Cleaner Spray - Dust-Removing, Fingerprint-Erasing Formula for Multiple Sealed Surfaces - Leaves Protective Glossy Coating, Lavender, 300ml",17.95,Pledge,amazon,https://www.amazon.sa/-/en/Pledge-Furniture-Polish-Cleaner-Spray/dp/B016V5Y77O/ref=sr_1_12?dib=eyJ2IjoiMSJ9.zh5QSt8E1I6QQ4vYNF0pXmNJtXfD6lKvQx-RkA78gC8wB-JyHhktrI6RjnVF3e3yp_g8eR1unTWGs31XJhA7Z9uVDgb0VcZziKW3lVgbf2m-uM6S7pIGE11E0cxFVEknhrf2gBcVUtVWK70UWac8qzbtI5mCEnypn7czIy4qLMQQKtAyxRfMkPWa8Po19mMI64OXSPczK3e07oWbKCyQvU31A-Vq6an44lHMau7E1KJ3sbfbiihIvNjtFHQ4tiffPUn1YrnetZ2Gh9NHgirJ7EHyo1Zztw9841TSxMhm7i4.Zof6QVMHkc7kg_ckTAsIYp2QAduJzF65KxTWmdkzUSA&dib_tag=se&keywords=wood+polish+for+furniture&qid=1757866201&sr=8-12,ml,300.0,0.3,59.833333333333336
9/14/2025,Home,Home,H6-Wood polish for furniture,Furniture polish,"PARKER & BAILEY FURNITURE CREAM - Multisurface Wood Cleaner And Polish Furniture Quick Shine Restorer Protector Kitchen Cabinets Surface Cleaner House Cleaning Supplies Home Improvement, 16oz",39.95,Parker & Bailey,amazon,https://www.amazon.sa/-/en/PARKER-BAILEY-FURNITURE-CREAM-Multisurface/dp/B000QDD134/ref=sr_1_13?dib=eyJ2IjoiMSJ9.zh5QSt8E1I6QQ4vYNF0pXmNJtXfD6lKvQx-RkA78gC8wB-JyHhktrI6RjnVF3e3yp_g8eR1unTWGs31XJhA7Z9uVDgb0VcZziKW3lVgbf2m-uM6S7pIGE11E0cxFVEknhrf2gBcVUtVWK70UWac8qzbtI5mCEnypn7czIy4qLMQQKtAyxRfMkPWa8Po19mMI64OXSPczK3e07oWbKCyQvU31A-Vq6an44lHMau7E1KJ3sbfbiihIvNjtFHQ4tiffPUn1YrnetZ2Gh9NHgirJ7EHyo1Zztw9841TSxMhm7i4.Zof6QVMHkc7kg_ckTAsIYp2QAduJzF65KxTWmdkzUSA&dib_tag=se&keywords=wood+polish+for+furniture&qid=1757866201&sr=8-13,fl oz,16.0,16.0,2.496875
9/14/2025,Home,Home,H6-Wood polish for furniture,Furniture polish,Lawazim Polish Furniture Spray-Water Based - Home Cleaning Spray with Quick-Drying Formula Deep Cleaning Multi-Surface Use and 300ml Size - for Wood Leather Plastic and Furniture Care,14.0,Lawazim,amazon,https://www.amazon.sa/-/en/Lawazim-Polish-Furniture-Spray-Water-Based/dp/B0C3ZRGVHJ/ref=sr_1_16?dib=eyJ2IjoiMSJ9.zh5QSt8E1I6QQ4vYNF0pXmNJtXfD6lKvQx-RkA78gC8wB-JyHhktrI6RjnVF3e3yp_g8eR1unTWGs31XJhA7Z9uVDgb0VcZziKW3lVgbf2m-uM6S7pIGE11E0cxFVEknhrf2gBcVUtVWK70UWac8qzbtI5mCEnypn7czIy4qLMQQKtAyxRfMkPWa8Po19mMI64OXSPczK3e07oWbKCyQvU31A-Vq6an44lHMau7E1KJ3sbfbiihIvNjtFHQ4tiffPUn1YrnetZ2Gh9NHgirJ7EHyo1Zztw9841TSxMhm7i4.Zof6QVMHkc7kg_ckTAsIYp2QAduJzF65KxTWmdkzUSA&dib_tag=se&keywords=wood+polish+for+furniture&qid=1757866201&sr=8-16,ml,300.0,0.3,46.66666666666667
9/14/2025,Home,Home,H6-Wood polish for furniture,Furniture polish,"AFS Elegant Furniture Polish (Tangy Orange,300ml) - Pack of 3",25.95,AFS Elegant,amazon,https://www.amazon.sa/-/en/AFS-Elegant-Furniture-Polish-Orange/dp/B08SBLL1VH/ref=sr_1_18?dib=eyJ2IjoiMSJ9.zh5QSt8E1I6QQ4vYNF0pXmNJtXfD6lKvQx-RkA78gC8wB-JyHhktrI6RjnVF3e3yp_g8eR1unTWGs31XJhA7Z9uVDgb0VcZziKW3lVgbf2m-uM6S7pIGE11E0cxFVEknhrf2gBcVUtVWK70UWac8qzbtI5mCEnypn7czIy4qLMQQKtAyxRfMkPWa8Po19mMI64OXSPczK3e07oWbKCyQvU31A-Vq6an44lHMau7E1KJ3sbfbiihIvNjtFHQ4tiffPUn1YrnetZ2Gh9NHgirJ7EHyo1Zztw9841TSxMhm7i4.Zof6QVMHkc7kg_ckTAsIYp2QAduJzF65KxTWmdkzUSA&dib_tag=se&keywords=wood+polish+for+furniture&qid=1757866201&sr=8-18,ml,300.0,0.3,86.5
9/14/2025,Home,Home,H6-Wood polish for furniture,Furniture polish,"Pledge Enhancing Polish, Wood & Furniture Spray, Orange Scent, 9.7oz (Pack of 3)",50.0,Pledge,amazon,https://www.amazon.sa/-/en/Pledge-Enhancing-Polish-Furniture-Orange/dp/B071P2TTZM/ref=sr_1_19?dib=eyJ2IjoiMSJ9.zh5QSt8E1I6QQ4vYNF0pXmNJtXfD6lKvQx-RkA78gC8wB-JyHhktrI6RjnVF3e3yp_g8eR1unTWGs31XJhA7Z9uVDgb0VcZziKW3lVgbf2m-uM6S7pIGE11E0cxFVEknhrf2gBcVUtVWK70UWac8qzbtI5mCEnypn7czIy4qLMQQKtAyxRfMkPWa8Po19mMI64OXSPczK3e07oWbKCyQvU31A-Vq6an44lHMau7E1KJ3sbfbiihIvNjtFHQ4tiffPUn1YrnetZ2Gh9NHgirJ7EHyo1Zztw9841TSxMhm7i4.Zof6QVMHkc7kg_ckTAsIYp2QAduJzF65KxTWmdkzUSA&dib_tag=se&keywords=wood+polish+for+furniture&qid=1757866201&sr=8-19,fl oz,9.7,9.7,5.154639175257732
9/14/2025,Home,Home,H6-Wood polish for furniture,Furniture polish,Weiman Wood & Furniture Cleaner & Polish - 12 Ounce - Aerosol Protect Clean Polish Wax Your Wood Tables Chairs Cabinets,49.95,Weiman,amazon,https://www.amazon.sa/-/en/Weiman-Wood-Furniture-Cleaner-Polish/dp/B004X8QC8O/ref=sr_1_25?dib=eyJ2IjoiMSJ9.zh5QSt8E1I6QQ4vYNF0pXmNJtXfD6lKvQx-RkA78gC8wB-JyHhktrI6RjnVF3e3yp_g8eR1unTWGs31XJhA7Z9uVDgb0VcZziKW3lVgbf2m-uM6S7pIGE11E0cxFVEknhrf2gBcVUtVWK70UWac8qzbtI5mCEnypn7czIy4qLMQQKtAyxRfMkPWa8Po19mMI64OXSPczK3e07oWbKCyQvU31A-Vq6an44lHMau7E1KJ3sbfbiihIvNjtFHQ4tiffPUn1YrnetZ2Gh9NHgirJ7EHyo1Zztw9841TSxMhm7i4.Zof6QVMHkc7kg_ckTAsIYp2QAduJzF65KxTWmdkzUSA&dib_tag=se&keywords=wood+polish+for+furniture&qid=1757866201&sr=8-25,fl oz,12.0,12.0,4.1625000000000005
9/14/2025,Home,Home,H6-Wood polish for furniture,Furniture polish,"Howard Products FW0016 Wood Polish & Conditioner, 16 oz, Orange, 16 Fl Oz",108.99,HOWARD,amazon,https://www.amazon.sa/-/en/Howard-Products-FW0016-Polish-Conditioner/dp/B001BKQYGW/ref=sr_1_29?dib=eyJ2IjoiMSJ9.zh5QSt8E1I6QQ4vYNF0pXmNJtXfD6lKvQx-RkA78gC8wB-JyHhktrI6RjnVF3e3yp_g8eR1unTWGs31XJhA7Z9uVDgb0VcZziKW3lVgbf2m-uM6S7pIGE11E0cxFVEknhrf2gBcVUtVWK70UWac8qzbtI5mCEnypn7czIy4qLMQQKtAyxRfMkPWa8Po19mMI64OXSPczK3e07oWbKCyQvU31A-Vq6an44lHMau7E1KJ3sbfbiihIvNjtFHQ4tiffPUn1YrnetZ2Gh9NHgirJ7EHyo1Zztw9841TSxMhm7i4.Zof6QVMHkc7kg_ckTAsIYp2QAduJzF65KxTWmdkzUSA&dib_tag=se&keywords=wood+polish+for+furniture&qid=1757866201&sr=8-29,fl oz,16.0,16.0,6.811875
9/14/2025,Home,Home,H6-Wood polish for furniture,Furniture polish,"pledge Furniture Polish, 3 x 300 ml",42.0,Pledge,amazon,https://www.amazon.sa/-/en/Pledge-2724581947278-0-pledge-Furniture-Polish/dp/B07PYFCVK2/ref=sr_1_30?dib=eyJ2IjoiMSJ9.zh5QSt8E1I6QQ4vYNF0pXmNJtXfD6lKvQx-RkA78gC8wB-JyHhktrI6RjnVF3e3yp_g8eR1unTWGs31XJhA7Z9uVDgb0VcZziKW3lVgbf2m-uM6S7pIGE11E0cxFVEknhrf2gBcVUtVWK70UWac8qzbtI5mCEnypn7czIy4qLMQQKtAyxRfMkPWa8Po19mMI64OXSPczK3e07oWbKCyQvU31A-Vq6an44lHMau7E1KJ3sbfbiihIvNjtFHQ4tiffPUn1YrnetZ2Gh9NHgirJ7EHyo1Zztw9841TSxMhm7i4.Zof6QVMHkc7kg_ckTAsIYp2QAduJzF65KxTWmdkzUSA&dib_tag=se&keywords=wood+polish+for+furniture&qid=1757866201&sr=8-30,ml,300.0,0.3,140.0
9/14/2025,Home,Home,H6-Wood polish for furniture,Furniture polish,"Reciprotools Old English Furniture Polish Bottle, Lemon Oil, 16 oz, Yellow",40.76,Company not found,amazon,https://www.amazon.sa/-/en/Reciprotools-Old-English-Furniture-Polish/dp/B001RCLPVI/ref=sr_1_42?dib=eyJ2IjoiMSJ9.zh5QSt8E1I6QQ4vYNF0pXmNJtXfD6lKvQx-RkA78gC8wB-JyHhktrI6RjnVF3e3yp_g8eR1unTWGs31XJhA7Z9uVDgb0VcZziKW3lVgbf2m-uM6S7pIGE11E0cxFVEknhrf2gBcVUtVWK70UWac8qzbtI5mCEnypn7czIy4qLMQQKtAyxRfMkPWa8Po19mMI64OXSPczK3e07oWbKCyQvU31A-Vq6an44lHMau7E1KJ3sbfbiihIvNjtFHQ4tiffPUn1YrnetZ2Gh9NHgirJ7EHyo1Zztw9841TSxMhm7i4.Zof6QVMHkc7kg_ckTAsIYp2QAduJzF65KxTWmdkzUSA&dib_tag=se&keywords=wood+polish+for+furniture&qid=1757866201&sr=8-42,fl oz,16.0,16.0,2.5475
9/14/2025,Home,Home,H6-Wood polish for furniture,Furniture polish,"Mobi Furniture Polish , 300 Ml",35.75,MOBI,amazon,https://www.amazon.sa/-/en/Mobi-Furniture-Polish-300-Ml/dp/B07G97SS9T/ref=sr_1_50?dib=eyJ2IjoiMSJ9.zh5QSt8E1I6QQ4vYNF0pXmNJtXfD6lKvQx-RkA78gC8wB-JyHhktrI6RjnVF3e3yp_g8eR1unTWGs31XJhA7Z9uVDgb0VcZziKW3lVgbf2m-uM6S7pIGE11E0cxFVEknhrf2gBcVUtVWK70UWac8qzbtI5mCEnypn7czIy4qLMQQKtAyxRfMkPWa8Po19mMI64OXSPczK3e07oWbKCyQvU31A-Vq6an44lHMau7E1KJ3sbfbiihIvNjtFHQ4tiffPUn1YrnetZ2Gh9NHgirJ7EHyo1Zztw9841TSxMhm7i4.Zof6QVMHkc7kg_ckTAsIYp2QAduJzF65KxTWmdkzUSA&dib_tag=se&keywords=wood+polish+for+furniture&qid=1757866201&sr=8-50,ml,300.0,0.3,119.16666666666669
9/14/2025,Home,Home,H6-Wood polish for furniture,Furniture polish,"Pledge Furniture Polish, 300 ml, 2 Pcs",29.0,Pledge,amazon,https://www.amazon.sa/-/en/Pledge-Furniture-Polish-300-Pcs/dp/B07NDYYFPM/ref=sr_1_53?dib=eyJ2IjoiMSJ9.zh5QSt8E1I6QQ4vYNF0pXmNJtXfD6lKvQx-RkA78gC8wB-JyHhktrI6RjnVF3e3yp_g8eR1unTWGs31XJhA7Z9uVDgb0VcZziKW3lVgbf2m-uM6S7pIGE11E0cxFVEknhrf2gBcVUtVWK70UWac8qzbtI5mCEnypn7czIy4qLMQQKtAyxRfMkPWa8Po19mMI64OXSPczK3e07oWbKCyQvU31A-Vq6an44lHMau7E1KJ3sbfbiihIvNjtFHQ4tiffPUn1YrnetZ2Gh9NHgirJ7EHyo1Zztw9841TSxMhm7i4.Zof6QVMHkc7kg_ckTAsIYp2QAduJzF65KxTWmdkzUSA&dib_tag=se&keywords=wood+polish+for+furniture&qid=1757866201&sr=8-53,ml,300.0,0.3,96.66666666666669
9/14/2025,Home,Home,H6-Wood polish for furniture,Furniture polish,"Pledge Expert Care Wood Polish Spray, Shines and Protects, Removes Fingerprints, Lemon, 9.7 oz (Pack of 3)",50.0,Pledge,amazon,https://www.amazon.sa/-/en/Pledge-Expert-Protects-Removes-Fingerprints/dp/B0728BTKMD/ref=sr_1_55?dib=eyJ2IjoiMSJ9.zh5QSt8E1I6QQ4vYNF0pXmNJtXfD6lKvQx-RkA78gC8wB-JyHhktrI6RjnVF3e3yp_g8eR1unTWGs31XJhA7Z9uVDgb0VcZziKW3lVgbf2m-uM6S7pIGE11E0cxFVEknhrf2gBcVUtVWK70UWac8qzbtI5mCEnypn7czIy4qLMQQKtAyxRfMkPWa8Po19mMI64OXSPczK3e07oWbKCyQvU31A-Vq6an44lHMau7E1KJ3sbfbiihIvNjtFHQ4tiffPUn1YrnetZ2Gh9NHgirJ7EHyo1Zztw9841TSxMhm7i4.Zof6QVMHkc7kg_ckTAsIYp2QAduJzF65KxTWmdkzUSA&dib_tag=se&keywords=wood+polish+for+furniture&qid=1757866201&sr=8-55,fl oz,9.7,9.7,5.154639175257732
9/14/2025,Home,Home,H6-Wood polish for furniture,Furniture polish,Method - Wood Polish Spray 354ml,31.0,Method,mumzworld,https://www.mumzworld.com/sa-en/method-wood-polish-spray-354ml?source=Search,ml,354.0,0.354,87.57062146892656
9/14/2025,Home,Home,H6-Wood polish for furniture,Furniture polish,Parker & Bailey Natural Lemon Oil Polish Yellow 16fl oz.,49.95,Parker & Bailey,saco,https://www.saco.sa/en/Parker-&-Bailey-Natural-Lemon-Oil-Polish-Yellow-16fl-oz-/p/000000000000007469,fl oz,16.0,16.0,3.121875
9/14/2025,Home,Home,H6-Wood polish for furniture,Furniture polish,Howard Feed-N-Wax Beeswax and Orange Oil Wood Polish and Conditioner 473ml FW0016,69.95,Howard,saco,https://www.saco.sa/en/Howard-Feed-N-Wax-Beeswax-and-Orange-Oil-Wood-Polish-and-Conditioner-473ml-FW0016/p/000000000000016201,ml,473.0,0.473,147.88583509513742
9/14/2025,Home,Home,H6-Wood polish for furniture,Furniture polish,Howard Wood Polish Orange 16fl oz.,65.95,Howard,saco,https://www.saco.sa/en/Howard-Wood-Polish-Orange-16fl-oz-/p/000000000000002721,fl oz,16.0,16.0,4.121875
9/14/2025,Home,Home,H6-Wood polish for furniture,Furniture polish,Minwax Polyurethane Wood Polish Clear 8fl oz.,89.95,Minwax,saco,https://www.saco.sa/en/Minwax-Polyurethane-Wood-Polish-Clear-8fl-oz-/p/000000000000001134,fl oz,8.0,8.0,11.24375
9/14/2025,Home,Home,H6-Wood polish for furniture,Furniture polish,Rejuvenate Cabinet and Furniture Restorer 13oz,49.95,Rejuvenate,saco,https://www.saco.sa/en/Rejuvenate-Cabinet-and-Furniture-Restorer-13oz/p/000000000000038442,fl oz,13.0,13.0,3.842307692307693
9/14/2025,Home,Home,H6-Leather cleaner,Leather and vinyl cleaner,"Armor All Leather Protectant 16oz, Multi Colour, Leather Care, 78175, 473 ml",47.9,Armor All,amazon,https://www.amazon.sa/-/en/Armor-All-Leather-Protectant-78175/dp/B0006302M2/ref=sr_1_8?dib=eyJ2IjoiMSJ9.Qzu_5pyxoDyS4LW0-5T0FupV4zS4ovntXVyQA2qaXFjhpXP02qYxi3jV8JLJf6GyRn-fvfUCBn9VZDs5kdy_fJM8mnacNM2lKW0NCFeyc0nwiezfT1q7_i1vIxHo2lgFLoagecbEJ5uKVkf4lwZ2RGB7ERT0aS0TapRswl8KPOWsRJT6oio15JGY2VoaaTQfUyx1HhCmLRUpP9s95XPwW7vE0yfY8qr4wySubFqANah2ns6lwumv32qLnfzBqd8gS0vlq-4nwsgrC-WeFtCkU_Zkbo2Y70ykODc7mTaDToM.8exRtpc-unZ-JNga9HngJh_cRy_LdJM18FC-XIfODOI&dib_tag=se&keywords=leather+cleaner&qid=1757866770&sr=8-8,fl oz,16.0,16.0,2.99375
9/14/2025,Home,Home,H6-Leather cleaner,Leather and vinyl cleaner,"PARKER & BAILEY LEATHER CLEANER & CONDITIONER – Restores & Conditions Leather, Cleaner For Upholstery or Car Interior, Car Leather Seat Cleaner, Faux Leather, Furniture, Handbags, Shoes & More 12oz",39.95,Parker & Bailey,amazon,https://www.amazon.sa/-/en/PARKER-BAILEY-LEATHER-CLEANER-CONDITIONER/dp/B072KWPR8Z/ref=sr_1_19?dib=eyJ2IjoiMSJ9.Qzu_5pyxoDyS4LW0-5T0FupV4zS4ovntXVyQA2qaXFjhpXP02qYxi3jV8JLJf6GyRn-fvfUCBn9VZDs5kdy_fJM8mnacNM2lKW0NCFeyc0nwiezfT1q7_i1vIxHo2lgFLoagecbEJ5uKVkf4lwZ2RGB7ERT0aS0TapRswl8KPOWsRJT6oio15JGY2VoaaTQfUyx1HhCmLRUpP9s95XPwW7vE0yfY8qr4wySubFqANah2ns6lwumv32qLnfzBqd8gS0vlq-4nwsgrC-WeFtCkU_Zkbo2Y70ykODc7mTaDToM.8exRtpc-unZ-JNga9HngJh_cRy_LdJM18FC-XIfODOI&dib_tag=se&keywords=leather+cleaner&qid=1757866770&sr=8-19,fl oz,12.0,12.0,3.329166666666667
9/14/2025,Home,Home,H6-Leather cleaner,Leather and vinyl cleaner,Armor All Leather Care Gel 532 ml 9963,83.7,Armor All,amazon,https://www.amazon.sa/-/en/Armor-All-Leather-Care-9963/dp/B0002JSZ8I/ref=sr_1_28?dib=eyJ2IjoiMSJ9.Qzu_5pyxoDyS4LW0-5T0FupV4zS4ovntXVyQA2qaXFjhpXP02qYxi3jV8JLJf6GyRn-fvfUCBn9VZDs5kdy_fJM8mnacNM2lKW0NCFeyc0nwiezfT1q7_i1vIxHo2lgFLoagecbEJ5uKVkf4lwZ2RGB7ERT0aS0TapRswl8KPOWsRJT6oio15JGY2VoaaTQfUyx1HhCmLRUpP9s95XPwW7vE0yfY8qr4wySubFqANah2ns6lwumv32qLnfzBqd8gS0vlq-4nwsgrC-WeFtCkU_Zkbo2Y70ykODc7mTaDToM.8exRtpc-unZ-JNga9HngJh_cRy_LdJM18FC-XIfODOI&dib_tag=se&keywords=leather+cleaner&qid=1757866770&sr=8-28,ml,532.0,0.532,157.33082706766916
9/14/2025,Home,Home,H6-Leather cleaner,Leather and vinyl cleaner,"Leather CPR Cleaner & Conditioner 18oz - Cleans, Conditions, Restores & Protects Leather Furniture, Handbags, Car Seats, Interior, Jackets, Boots, Purses, Shoes, Couch, Saddles, Tack & More",169.0,Leather CPR,amazon,https://www.amazon.sa/-/en/Leather-CPR-Cleaner-Conditioner-18oz/dp/B00GRT125A/ref=sr_1_33?dib=eyJ2IjoiMSJ9.Qzu_5pyxoDyS4LW0-5T0FupV4zS4ovntXVyQA2qaXFjhpXP02qYxi3jV8JLJf6GyRn-fvfUCBn9VZDs5kdy_fJM8mnacNM2lKW0NCFeyc0nwiezfT1q7_i1vIxHo2lgFLoagecbEJ5uKVkf4lwZ2RGB7ERT0aS0TapRswl8KPOWsRJT6oio15JGY2VoaaTQfUyx1HhCmLRUpP9s95XPwW7vE0yfY8qr4wySubFqANah2ns6lwumv32qLnfzBqd8gS0vlq-4nwsgrC-WeFtCkU_Zkbo2Y70ykODc7mTaDToM.8exRtpc-unZ-JNga9HngJh_cRy_LdJM18FC-XIfODOI&dib_tag=se&keywords=leather+cleaner&qid=1757866770&sr=8-33,fl oz,18.0,18.0,9.38888888888889
9/14/2025,Home,Home,H6-Leather cleaner,Leather and vinyl cleaner,Weiman Leather Cleaner & Conditioner Spray,47.9,Weiman,amazon,https://www.amazon.sa/-/en/Weiman-Leather-Cleaner-Conditioner-Spray/dp/B007C5W4UK/ref=sr_1_38?dib=eyJ2IjoiMSJ9.Qzu_5pyxoDyS4LW0-5T0FupV4zS4ovntXVyQA2qaXFjhpXP02qYxi3jV8JLJf6GyRn-fvfUCBn9VZDs5kdy_fJM8mnacNM2lKW0NCFeyc0nwiezfT1q7_i1vIxHo2lgFLoagecbEJ5uKVkf4lwZ2RGB7ERT0aS0TapRswl8KPOWsRJT6oio15JGY2VoaaTQfUyx1HhCmLRUpP9s95XPwW7vE0yfY8qr4wySubFqANah2ns6lwumv32qLnfzBqd8gS0vlq-4nwsgrC-WeFtCkU_Zkbo2Y70ykODc7mTaDToM.8exRtpc-unZ-JNga9HngJh_cRy_LdJM18FC-XIfODOI&dib_tag=se&keywords=leather+cleaner&qid=1757866770&sr=8-38,ml,355.0,0.355,134.92957746478874
9/14/2025,Home,Home,H6-Leather cleaner,Leather and vinyl cleaner,"Griot's Garage 10971 Odor Neutralizing Leather Cleaner 22oz – Cleans Leather & Vinyl Seats, Dashboards, Door Panels & More While Removing Odors. Safe On Analine & Pigmented Leather",138.0,Griot's Garage,amazon,https://www.amazon.sa/-/en/Griots-Garage-10971-Neutralizing-Leather/dp/B07B6SD7BK/ref=sr_1_45?dib=eyJ2IjoiMSJ9.Qzu_5pyxoDyS4LW0-5T0FupV4zS4ovntXVyQA2qaXFjhpXP02qYxi3jV8JLJf6GyRn-fvfUCBn9VZDs5kdy_fJM8mnacNM2lKW0NCFeyc0nwiezfT1q7_i1vIxHo2lgFLoagecbEJ5uKVkf4lwZ2RGB7ERT0aS0TapRswl8KPOWsRJT6oio15JGY2VoaaTQfUyx1HhCmLRUpP9s95XPwW7vE0yfY8qr4wySubFqANah2ns6lwumv32qLnfzBqd8gS0vlq-4nwsgrC-WeFtCkU_Zkbo2Y70ykODc7mTaDToM.8exRtpc-unZ-JNga9HngJh_cRy_LdJM18FC-XIfODOI&dib_tag=se&keywords=leather+cleaner&qid=1757866770&sr=8-45,fl oz,22.0,22.0,6.2727272727272725
9/14/2025,Home,Home,H6-Leather cleaner,Leather and vinyl cleaner,"Chemical Guys SPI_401_16 Vintage Series Leather Conditioner for Leather Car Interiors, Seats, Boots, Bags and More (Works on Natural, Synthetic, Pleather, Faux Leather and More), 16 fl oz",192.25,Chemical Guys,amazon,https://www.amazon.sa/-/en/Chemical-Guys-SPI_401_16-Conditioner-Interiors/dp/B00FALVXLY/ref=sr_1_50?dib=eyJ2IjoiMSJ9.Qzu_5pyxoDyS4LW0-5T0FupV4zS4ovntXVyQA2qaXFjhpXP02qYxi3jV8JLJf6GyRn-fvfUCBn9VZDs5kdy_fJM8mnacNM2lKW0NCFeyc0nwiezfT1q7_i1vIxHo2lgFLoagecbEJ5uKVkf4lwZ2RGB7ERT0aS0TapRswl8KPOWsRJT6oio15JGY2VoaaTQfUyx1HhCmLRUpP9s95XPwW7vE0yfY8qr4wySubFqANah2ns6lwumv32qLnfzBqd8gS0vlq-4nwsgrC-WeFtCkU_Zkbo2Y70ykODc7mTaDToM.8exRtpc-unZ-JNga9HngJh_cRy_LdJM18FC-XIfODOI&dib_tag=se&keywords=leather+cleaner&qid=1757866770&sr=8-50,fl oz,16.0,16.0,12.015625
9/14/2025,Home,Home,H6-Leather cleaner,Leather and vinyl cleaner,Weiman UV-Resistant 3-In-1 Leather Cleaner and Conditioner Spray 355ml,55.95,Weiman,saco,https://www.saco.sa/en/Weiman-UV-Resistant-3-In-1-Leather-Cleaner-and-Conditioner-Spray-355ml/p/000000000000034316,ml,355.0,0.355,157.60563380281693
9/14/2025,Home,Home,H6-Leather cleaner,Leather and vinyl cleaner,Mr. Leather Cleaner and Conditioner 240ml,34.95,Mr. Leather,saco,https://www.saco.sa/en/Mr-Leather-Cleaner-and-Conditioner-240ml/p/000000000000002552,ml,240.0,0.24,145.62500000000003
9/14/2025,Home,Home,H6-Leather cleaner,Leather and vinyl cleaner,Mr. Leather Cleaner and Conditioner 473ml,39.95,Mr. Leather,saco,https://www.saco.sa/en/Mr-Leather-Cleaner-and-Conditioner-473ml/p/000000000000032221,ml,473.0,0.473,84.46088794926006
9/14/2025,Home,Home,H6-Leather cleaner,Leather and vinyl cleaner,Mr. McKenic pH Balanced Car Leather Shine 500ml AM3321-P500SP,49.95,Mr. McKenic,saco,https://www.saco.sa/en/Mr-McKenic-pH-Balanced-Car-Leather-Shine-500ml-AM3321-P500SP/p/000000000000099111,ml,500.0,0.5,99.9
9/14/2025,Home,Home,H6-Leather cleaner,Leather and vinyl cleaner,Rejuvenate Easy to Use Instant Leather and Vinyl Cleaner Spray 710ml,49.95,Rejuvenate,saco,https://www.saco.sa/en/Rejuvenate-Easy-to-Use-Instant-Leather-and-Vinyl-Cleaner-Spray-710ml/p/000000000000038429,ml,710.0,0.71,70.35211267605635
9/14/2025,Home,Home,H6-Leather cleaner,Leather and vinyl cleaner,Bullsone Leather Cleaner 300ml,39.95,Brand not found,saco,https://www.saco.sa/en/Bullsone-Leather-Cleaner-300ml/p/000000000000069521,ml,300.0,0.3,133.16666666666669
9/14/2025,Home,Home,H7-Carpet shampoo,Carpet shampoo,Go Green Carpet Wash Shampoo 2 Litre,24.84,Go Green,amazon,https://www.amazon.sa/-/en/Go-Green-Carpet-Shampoo-Litre/dp/B0995RCWT6/ref=sr_1_6?dib=eyJ2IjoiMSJ9.ggrY6T7FfwLmVW7NJ55hUqW8fWAHATPj5SJakF6kHM9ef1kUP1n6ADdjroa-DbYVnV6sZTQZFcti_BzlAL4y8tvE9vSJzEQNudp1uqkqxjnxNes5UKuq6tt6GcUHnoZodNa8OTeH-xe3ZJAYLNXxxoz8CR1y0Ap7I2M0k15nToQe67wAe8WrQAswzJEeO1Wjpjit7coOnhb9P5P102mCDO9Cvx9zcoqNM1gGl-dN10HCahnVTEgfwwDtNXNmxh6zjtx-S6QUH7RFySfKFjmMs4c8ZEZYtHHf0cFZVRyjSlc.sYs8Jr7N12Rfrjd1XqmQ2WEoQ0NGErIuA5ICVS4DO6Y&dib_tag=se&keywords=carpet+shampoo&qid=1757867112&sr=8-6,L,2.0,2.0,12.42
9/14/2025,Home,Home,H7-Carpet shampoo,Carpet shampoo,"Hoover Ultra Carpet Solution For All Carpet Washers & Cleaners, 1.5 Litre Detu 15, Green, Ultra+ 1.5L, Warranty Included",79.0,Hoover,amazon,https://www.amazon.sa/-/en/Hoover-Solution-Cleaners-Warranty-Included/dp/B09DFFSTQ4/ref=sr_1_8?dib=eyJ2IjoiMSJ9.ggrY6T7FfwLmVW7NJ55hUqW8fWAHATPj5SJakF6kHM9ef1kUP1n6ADdjroa-DbYVnV6sZTQZFcti_BzlAL4y8tvE9vSJzEQNudp1uqkqxjnxNes5UKuq6tt6GcUHnoZodNa8OTeH-xe3ZJAYLNXxxoz8CR1y0Ap7I2M0k15nToQe67wAe8WrQAswzJEeO1Wjpjit7coOnhb9P5P102mCDO9Cvx9zcoqNM1gGl-dN10HCahnVTEgfwwDtNXNmxh6zjtx-S6QUH7RFySfKFjmMs4c8ZEZYtHHf0cFZVRyjSlc.sYs8Jr7N12Rfrjd1XqmQ2WEoQ0NGErIuA5ICVS4DO6Y&dib_tag=se&keywords=carpet+shampoo&qid=1757867112&sr=8-8,L,1.5,1.5,52.66666666666666
9/14/2025,Home,Home,H7-Carpet shampoo,Carpet shampoo,Mobi Carpet Shampoo 20 Litre,126.95,MOBI,amazon,https://www.amazon.sa/-/en/Mobi-Carpet-Shampoo-20-Litre/dp/B07MKB29DK/ref=sr_1_11?dib=eyJ2IjoiMSJ9.ggrY6T7FfwLmVW7NJ55hUqW8fWAHATPj5SJakF6kHM9ef1kUP1n6ADdjroa-DbYVnV6sZTQZFcti_BzlAL4y8tvE9vSJzEQNudp1uqkqxjnxNes5UKuq6tt6GcUHnoZodNa8OTeH-xe3ZJAYLNXxxoz8CR1y0Ap7I2M0k15nToQe67wAe8WrQAswzJEeO1Wjpjit7coOnhb9P5P102mCDO9Cvx9zcoqNM1gGl-dN10HCahnVTEgfwwDtNXNmxh6zjtx-S6QUH7RFySfKFjmMs4c8ZEZYtHHf0cFZVRyjSlc.sYs8Jr7N12Rfrjd1XqmQ2WEoQ0NGErIuA5ICVS4DO6Y&dib_tag=se&keywords=carpet+shampoo&qid=1757867112&sr=8-11,L,20.0,20.0,6.3475
9/14/2025,Home,Home,H7-Carpet shampoo,Carpet shampoo,"Stardrops The Pink Stuff The Miracle Foaming Carpet&Upholstery Stain Remover, 500ml",23.76,THE PINK STUFF,amazon,https://www.amazon.sa/-/en/Stardrops-Miracle-Foaming-Upholstery-Remover/dp/B0CR6YH5DY/ref=sr_1_12?dib=eyJ2IjoiMSJ9.ggrY6T7FfwLmVW7NJ55hUqW8fWAHATPj5SJakF6kHM9ef1kUP1n6ADdjroa-DbYVnV6sZTQZFcti_BzlAL4y8tvE9vSJzEQNudp1uqkqxjnxNes5UKuq6tt6GcUHnoZodNa8OTeH-xe3ZJAYLNXxxoz8CR1y0Ap7I2M0k15nToQe67wAe8WrQAswzJEeO1Wjpjit7coOnhb9P5P102mCDO9Cvx9zcoqNM1gGl-dN10HCahnVTEgfwwDtNXNmxh6zjtx-S6QUH7RFySfKFjmMs4c8ZEZYtHHf0cFZVRyjSlc.sYs8Jr7N12Rfrjd1XqmQ2WEoQ0NGErIuA5ICVS4DO6Y&dib_tag=se&keywords=carpet+shampoo&qid=1757867112&sr=8-12,ml,500.0,0.5,47.52
9/14/2025,Home,Home,H7-Carpet shampoo,Carpet shampoo,"Zoflora Carpet Cleaner, Linen Fresh, 600 ml, Foam Cleaner, Designed for Cleaning Carpets, Mattresses, and Other Furniture. Makes carpet Washing Easier and Removes Unpleasant Odours",24.67,Zoflora,amazon,https://www.amazon.sa/-/en/Zoflora-Designed-Mattresses-Furniture-Unpleasant/dp/B0C9MFV3DG/ref=sr_1_13?dib=eyJ2IjoiMSJ9.ggrY6T7FfwLmVW7NJ55hUqW8fWAHATPj5SJakF6kHM9ef1kUP1n6ADdjroa-DbYVnV6sZTQZFcti_BzlAL4y8tvE9vSJzEQNudp1uqkqxjnxNes5UKuq6tt6GcUHnoZodNa8OTeH-xe3ZJAYLNXxxoz8CR1y0Ap7I2M0k15nToQe67wAe8WrQAswzJEeO1Wjpjit7coOnhb9P5P102mCDO9Cvx9zcoqNM1gGl-dN10HCahnVTEgfwwDtNXNmxh6zjtx-S6QUH7RFySfKFjmMs4c8ZEZYtHHf0cFZVRyjSlc.sYs8Jr7N12Rfrjd1XqmQ2WEoQ0NGErIuA5ICVS4DO6Y&dib_tag=se&keywords=carpet+shampoo&qid=1757867112&sr=8-13,ml,600.0,0.6,41.116666666666674
9/14/2025,Home,Home,H7-Carpet shampoo,Carpet shampoo,Kleens Carpet Shampoo Concentrate 1L,29.0,Generic,amazon,https://www.amazon.sa/-/en/Kleens-Carpet-Shampoo-Concentrate-1L/dp/B0FLWLK4B9/ref=sr_1_14?dib=eyJ2IjoiMSJ9.ggrY6T7FfwLmVW7NJ55hUqW8fWAHATPj5SJakF6kHM9ef1kUP1n6ADdjroa-DbYVnV6sZTQZFcti_BzlAL4y8tvE9vSJzEQNudp1uqkqxjnxNes5UKuq6tt6GcUHnoZodNa8OTeH-xe3ZJAYLNXxxoz8CR1y0Ap7I2M0k15nToQe67wAe8WrQAswzJEeO1Wjpjit7coOnhb9P5P102mCDO9Cvx9zcoqNM1gGl-dN10HCahnVTEgfwwDtNXNmxh6zjtx-S6QUH7RFySfKFjmMs4c8ZEZYtHHf0cFZVRyjSlc.sYs8Jr7N12Rfrjd1XqmQ2WEoQ0NGErIuA5ICVS4DO6Y&dib_tag=se&keywords=carpet+shampoo&qid=1757867112&sr=8-14,L,1.0,1.0,29.0
9/14/2025,Home,Home,H7-Carpet shampoo,Carpet shampoo,"Bissell 78H63 Deep Clean Pro 4X Deep Cleaning Concentrated Carpet Shampoo, 48 ounces - Silver",226.69,Bissell,amazon,https://www.amazon.sa/-/en/Bissell-78H63-Cleaning-Concentrated-Shampoo/dp/B004H1R8TY/ref=sr_1_17?dib=eyJ2IjoiMSJ9.ggrY6T7FfwLmVW7NJ55hUqW8fWAHATPj5SJakF6kHM9ef1kUP1n6ADdjroa-DbYVnV6sZTQZFcti_BzlAL4y8tvE9vSJzEQNudp1uqkqxjnxNes5UKuq6tt6GcUHnoZodNa8OTeH-xe3ZJAYLNXxxoz8CR1y0Ap7I2M0k15nToQe67wAe8WrQAswzJEeO1Wjpjit7coOnhb9P5P102mCDO9Cvx9zcoqNM1gGl-dN10HCahnVTEgfwwDtNXNmxh6zjtx-S6QUH7RFySfKFjmMs4c8ZEZYtHHf0cFZVRyjSlc.sYs8Jr7N12Rfrjd1XqmQ2WEoQ0NGErIuA5ICVS4DO6Y&dib_tag=se&keywords=carpet+shampoo&qid=1757867112&sr=8-17,fl oz,48.0,48.0,4.722708333333333
9/14/2025,Home,Home,H7-Carpet shampoo,Carpet shampoo,"OMINO BIANCO Carpet & Sofa Cleaner, 2 X 300 ml",43.5,Omino Bianco,amazon,https://www.amazon.sa/-/en/OMINO-BIANCO-Carpet-Sofa-Cleaner/dp/B08V4K1ZHS/ref=sr_1_25?dib=eyJ2IjoiMSJ9.ggrY6T7FfwLmVW7NJ55hUqW8fWAHATPj5SJakF6kHM9ef1kUP1n6ADdjroa-DbYVnV6sZTQZFcti_BzlAL4y8tvE9vSJzEQNudp1uqkqxjnxNes5UKuq6tt6GcUHnoZodNa8OTeH-xe3ZJAYLNXxxoz8CR1y0Ap7I2M0k15nToQe67wAe8WrQAswzJEeO1Wjpjit7coOnhb9P5P102mCDO9Cvx9zcoqNM1gGl-dN10HCahnVTEgfwwDtNXNmxh6zjtx-S6QUH7RFySfKFjmMs4c8ZEZYtHHf0cFZVRyjSlc.sYs8Jr7N12Rfrjd1XqmQ2WEoQ0NGErIuA5ICVS4DO6Y&dib_tag=se&keywords=carpet+shampoo&qid=1757867112&sr=8-25,ml,300.0,0.3,145.0
9/14/2025,Home,Home,H7-Carpet shampoo,Carpet shampoo,"BISSELL (1146K) Carpet Cleaning Formula Wash and Refresh Natural Orange, 1.5 Liter, min 2 yrs warranty",114.0,Bissell,amazon,https://www.amazon.sa/-/en/BISSELL-1146K-Cleaning-Formula-warranty/dp/B084HJX3BK/ref=sr_1_28?dib=eyJ2IjoiMSJ9.ggrY6T7FfwLmVW7NJ55hUqW8fWAHATPj5SJakF6kHM9ef1kUP1n6ADdjroa-DbYVnV6sZTQZFcti_BzlAL4y8tvE9vSJzEQNudp1uqkqxjnxNes5UKuq6tt6GcUHnoZodNa8OTeH-xe3ZJAYLNXxxoz8CR1y0Ap7I2M0k15nToQe67wAe8WrQAswzJEeO1Wjpjit7coOnhb9P5P102mCDO9Cvx9zcoqNM1gGl-dN10HCahnVTEgfwwDtNXNmxh6zjtx-S6QUH7RFySfKFjmMs4c8ZEZYtHHf0cFZVRyjSlc.sYs8Jr7N12Rfrjd1XqmQ2WEoQ0NGErIuA5ICVS4DO6Y&dib_tag=se&keywords=carpet+shampoo&qid=1757867112&sr=8-28,L,1.5,1.5,76.0
9/14/2025,Home,Home,H7-Carpet shampoo,Carpet shampoo,Bissell Professional Pet Urine Elimator with Oxy and Febreze Carpet Cleaner Shampoo 48 Ounce,209.27,Bissell,amazon,https://www.amazon.sa/-/en/Bissell-Professional-Elimator-Febreze-Cleaner/dp/B07BV5LT27/ref=sr_1_29?dib=eyJ2IjoiMSJ9.ggrY6T7FfwLmVW7NJ55hUqW8fWAHATPj5SJakF6kHM9ef1kUP1n6ADdjroa-DbYVnV6sZTQZFcti_BzlAL4y8tvE9vSJzEQNudp1uqkqxjnxNes5UKuq6tt6GcUHnoZodNa8OTeH-xe3ZJAYLNXxxoz8CR1y0Ap7I2M0k15nToQe67wAe8WrQAswzJEeO1Wjpjit7coOnhb9P5P102mCDO9Cvx9zcoqNM1gGl-dN10HCahnVTEgfwwDtNXNmxh6zjtx-S6QUH7RFySfKFjmMs4c8ZEZYtHHf0cFZVRyjSlc.sYs8Jr7N12Rfrjd1XqmQ2WEoQ0NGErIuA5ICVS4DO6Y&dib_tag=se&keywords=carpet+shampoo&qid=1757867112&sr=8-29,fl oz,48.0,48.0,4.359791666666667
9/14/2025,Home,Home,H7-Carpet shampoo,Carpet shampoo,"Hoover Renewal Deep Cleaning Carpet Shampoo, Concentrated Machine Cleaner Solution, 128oz Formula, AH30932, White, 128 oz",242.46,Hoover,amazon,https://www.amazon.sa/-/en/Hoover-Renewal-Cleaning-Concentrated-Solution/dp/B07R6P2W4Z/ref=sr_1_30?dib=eyJ2IjoiMSJ9.ggrY6T7FfwLmVW7NJ55hUqW8fWAHATPj5SJakF6kHM9ef1kUP1n6ADdjroa-DbYVnV6sZTQZFcti_BzlAL4y8tvE9vSJzEQNudp1uqkqxjnxNes5UKuq6tt6GcUHnoZodNa8OTeH-xe3ZJAYLNXxxoz8CR1y0Ap7I2M0k15nToQe67wAe8WrQAswzJEeO1Wjpjit7coOnhb9P5P102mCDO9Cvx9zcoqNM1gGl-dN10HCahnVTEgfwwDtNXNmxh6zjtx-S6QUH7RFySfKFjmMs4c8ZEZYtHHf0cFZVRyjSlc.sYs8Jr7N12Rfrjd1XqmQ2WEoQ0NGErIuA5ICVS4DO6Y&dib_tag=se&keywords=carpet+shampoo&qid=1757867112&sr=8-30,fl oz,64.0,64.0,3.7884375
9/14/2025,Home,Home,H7-Carpet shampoo,Carpet shampoo,"Bissell PET PRO OXY Spot & Stain Formula for Portable Carpet Cleaners, 32 oz., 2034",133.0,Bissell,amazon,https://www.amazon.sa/-/en/Bissell-Formula-Portable-Cleaners-2034/dp/B09MQXHJR5/ref=sr_1_32?dib=eyJ2IjoiMSJ9.ggrY6T7FfwLmVW7NJ55hUqW8fWAHATPj5SJakF6kHM9ef1kUP1n6ADdjroa-DbYVnV6sZTQZFcti_BzlAL4y8tvE9vSJzEQNudp1uqkqxjnxNes5UKuq6tt6GcUHnoZodNa8OTeH-xe3ZJAYLNXxxoz8CR1y0Ap7I2M0k15nToQe67wAe8WrQAswzJEeO1Wjpjit7coOnhb9P5P102mCDO9Cvx9zcoqNM1gGl-dN10HCahnVTEgfwwDtNXNmxh6zjtx-S6QUH7RFySfKFjmMs4c8ZEZYtHHf0cFZVRyjSlc.sYs8Jr7N12Rfrjd1XqmQ2WEoQ0NGErIuA5ICVS4DO6Y&dib_tag=se&keywords=carpet+shampoo&qid=1757867112&sr=8-32,fl oz,32.0,32.0,4.15625
9/14/2025,Home,Home,H7-Carpet shampoo,Carpet shampoo,Dr. Beckmann Multi-purpose Carpet Stain Remover Shampoo With Cleaning Brush advanced Oxi Powered Formula Easy to use Home Essentials DIY Suitable for tough stains & odours- 650ml - Twin Value Pack,99.0,Original Dr. Beckmann,amazon,https://www.amazon.sa/-/en/Dr-Beckmann-Multi-purpose-Cleaning-Essentials/dp/B0BPBNLSJM/ref=sr_1_33?dib=eyJ2IjoiMSJ9.ggrY6T7FfwLmVW7NJ55hUqW8fWAHATPj5SJakF6kHM9ef1kUP1n6ADdjroa-DbYVnV6sZTQZFcti_BzlAL4y8tvE9vSJzEQNudp1uqkqxjnxNes5UKuq6tt6GcUHnoZodNa8OTeH-xe3ZJAYLNXxxoz8CR1y0Ap7I2M0k15nToQe67wAe8WrQAswzJEeO1Wjpjit7coOnhb9P5P102mCDO9Cvx9zcoqNM1gGl-dN10HCahnVTEgfwwDtNXNmxh6zjtx-S6QUH7RFySfKFjmMs4c8ZEZYtHHf0cFZVRyjSlc.sYs8Jr7N12Rfrjd1XqmQ2WEoQ0NGErIuA5ICVS4DO6Y&dib_tag=se&keywords=carpet+shampoo&qid=1757867112&sr=8-33,ml,650.0,0.65,152.3076923076923
9/14/2025,Home,Home,H7-Carpet shampoo,Carpet shampoo,Dr. Beckmann 2 in 1 Multipurpose Pet Stain remover shampoo with Cleaning brush|Advanced Oxi powered Formula|Easy to use|Home & Pet Care Essentials|DIY|Eliminates Tough Stains & Odours|650 ml,43.58,Dr. Beckmann,amazon,https://www.amazon.sa/-/en/Dr-Beckmann-Multipurpose-Essentials-Eliminates/dp/B08R3HT6V5/ref=sr_1_34?dib=eyJ2IjoiMSJ9.ggrY6T7FfwLmVW7NJ55hUqW8fWAHATPj5SJakF6kHM9ef1kUP1n6ADdjroa-DbYVnV6sZTQZFcti_BzlAL4y8tvE9vSJzEQNudp1uqkqxjnxNes5UKuq6tt6GcUHnoZodNa8OTeH-xe3ZJAYLNXxxoz8CR1y0Ap7I2M0k15nToQe67wAe8WrQAswzJEeO1Wjpjit7coOnhb9P5P102mCDO9Cvx9zcoqNM1gGl-dN10HCahnVTEgfwwDtNXNmxh6zjtx-S6QUH7RFySfKFjmMs4c8ZEZYtHHf0cFZVRyjSlc.sYs8Jr7N12Rfrjd1XqmQ2WEoQ0NGErIuA5ICVS4DO6Y&dib_tag=se&keywords=carpet+shampoo&qid=1757867112&sr=8-34,ml,650.0,0.65,67.04615384615384
9/14/2025,Home,Home,H7-Carpet shampoo,Carpet shampoo,"Karcher - RM 519 Carpet Cleaner for SE4001, 1Liter, Suitable for carpets, rugs, upholstery, car seats, etc…",45.0,Company not found,amazon,https://www.amazon.sa/-/en/Karcher-Cleaner-Suitable-carpets-upholstery/dp/B00B17MAFE/ref=sr_1_35?dib=eyJ2IjoiMSJ9.ggrY6T7FfwLmVW7NJ55hUqW8fWAHATPj5SJakF6kHM9ef1kUP1n6ADdjroa-DbYVnV6sZTQZFcti_BzlAL4y8tvE9vSJzEQNudp1uqkqxjnxNes5UKuq6tt6GcUHnoZodNa8OTeH-xe3ZJAYLNXxxoz8CR1y0Ap7I2M0k15nToQe67wAe8WrQAswzJEeO1Wjpjit7coOnhb9P5P102mCDO9Cvx9zcoqNM1gGl-dN10HCahnVTEgfwwDtNXNmxh6zjtx-S6QUH7RFySfKFjmMs4c8ZEZYtHHf0cFZVRyjSlc.sYs8Jr7N12Rfrjd1XqmQ2WEoQ0NGErIuA5ICVS4DO6Y&dib_tag=se&keywords=carpet+shampoo&qid=1757867112&sr=8-35,L,1.0,1.0,45.0
9/14/2025,Home,Home,H7-Carpet shampoo,Carpet shampoo,"OMINO BIANCO Multi-Use Stain Remover Shampoo, 500ml",15.95,Omino Bianco,amazon,https://www.amazon.sa/-/en/OMINO-BIANCO-Multi-Use-Remover-Shampoo/dp/B00E4KYZ0S/ref=sr_1_36?dib=eyJ2IjoiMSJ9.ggrY6T7FfwLmVW7NJ55hUqW8fWAHATPj5SJakF6kHM9ef1kUP1n6ADdjroa-DbYVnV6sZTQZFcti_BzlAL4y8tvE9vSJzEQNudp1uqkqxjnxNes5UKuq6tt6GcUHnoZodNa8OTeH-xe3ZJAYLNXxxoz8CR1y0Ap7I2M0k15nToQe67wAe8WrQAswzJEeO1Wjpjit7coOnhb9P5P102mCDO9Cvx9zcoqNM1gGl-dN10HCahnVTEgfwwDtNXNmxh6zjtx-S6QUH7RFySfKFjmMs4c8ZEZYtHHf0cFZVRyjSlc.sYs8Jr7N12Rfrjd1XqmQ2WEoQ0NGErIuA5ICVS4DO6Y&dib_tag=se&keywords=carpet+shampoo&qid=1757867112&sr=8-36,ml,500.0,0.5,31.9
9/14/2025,Home,Home,H7-Carpet shampoo,Carpet shampoo,"Bissell DeepClean + Refresh with Febreze Freshness Spring & Renewal Formula, 1052A, 60 Ounces",248.46,Bissell,amazon,https://www.amazon.sa/-/en/Bissell-DeepClean-Refresh-Febreze-Freshness/dp/B00DBTP02A/ref=sr_1_38?dib=eyJ2IjoiMSJ9.ggrY6T7FfwLmVW7NJ55hUqW8fWAHATPj5SJakF6kHM9ef1kUP1n6ADdjroa-DbYVnV6sZTQZFcti_BzlAL4y8tvE9vSJzEQNudp1uqkqxjnxNes5UKuq6tt6GcUHnoZodNa8OTeH-xe3ZJAYLNXxxoz8CR1y0Ap7I2M0k15nToQe67wAe8WrQAswzJEeO1Wjpjit7coOnhb9P5P102mCDO9Cvx9zcoqNM1gGl-dN10HCahnVTEgfwwDtNXNmxh6zjtx-S6QUH7RFySfKFjmMs4c8ZEZYtHHf0cFZVRyjSlc.sYs8Jr7N12Rfrjd1XqmQ2WEoQ0NGErIuA5ICVS4DO6Y&dib_tag=se&keywords=carpet+shampoo&qid=1757867112&sr=8-38,fl oz,60.0,60.0,4.141
9/14/2025,Home,Home,H7-Carpet shampoo,Carpet shampoo,Simple Solution Extreme Carpet Shampoo - 1L,37.99,Simple Solution,amazon,https://www.amazon.sa/-/en/Simple-Solution-Extreme-Carpet-Shampoo/dp/B00NWI3R7K/ref=sr_1_41?dib=eyJ2IjoiMSJ9.ggrY6T7FfwLmVW7NJ55hUqW8fWAHATPj5SJakF6kHM9ef1kUP1n6ADdjroa-DbYVnV6sZTQZFcti_BzlAL4y8tvE9vSJzEQNudp1uqkqxjnxNes5UKuq6tt6GcUHnoZodNa8OTeH-xe3ZJAYLNXxxoz8CR1y0Ap7I2M0k15nToQe67wAe8WrQAswzJEeO1Wjpjit7coOnhb9P5P102mCDO9Cvx9zcoqNM1gGl-dN10HCahnVTEgfwwDtNXNmxh6zjtx-S6QUH7RFySfKFjmMs4c8ZEZYtHHf0cFZVRyjSlc.sYs8Jr7N12Rfrjd1XqmQ2WEoQ0NGErIuA5ICVS4DO6Y&dib_tag=se&keywords=carpet+shampoo&qid=1757867112&sr=8-41,fl oz,38.8,38.8,0.9791237113402064
9/14/2025,Home,Home,H7-Carpet shampoo,Carpet shampoo,"Kirby Shampoo & Stain Carpet Shampoo-Rug Remover & Odor Eliminator, Smell Neutralizer Solution-Remove Dog and Cat Stains, 32oz, Packing may Vary",144.58,Kirby,amazon,https://www.amazon.sa/-/en/Kirby-Shampoo-Rug-Eliminator-Neutralizer-Solution-Remove/dp/B00DOD3ZW0/ref=sr_1_42?dib=eyJ2IjoiMSJ9.ggrY6T7FfwLmVW7NJ55hUqW8fWAHATPj5SJakF6kHM9ef1kUP1n6ADdjroa-DbYVnV6sZTQZFcti_BzlAL4y8tvE9vSJzEQNudp1uqkqxjnxNes5UKuq6tt6GcUHnoZodNa8OTeH-xe3ZJAYLNXxxoz8CR1y0Ap7I2M0k15nToQe67wAe8WrQAswzJEeO1Wjpjit7coOnhb9P5P102mCDO9Cvx9zcoqNM1gGl-dN10HCahnVTEgfwwDtNXNmxh6zjtx-S6QUH7RFySfKFjmMs4c8ZEZYtHHf0cFZVRyjSlc.sYs8Jr7N12Rfrjd1XqmQ2WEoQ0NGErIuA5ICVS4DO6Y&dib_tag=se&keywords=carpet+shampoo&qid=1757867112&sr=8-42,fl oz,32.0,32.0,4.518125
9/14/2025,Home,Home,H7-Carpet shampoo,Carpet shampoo,"Hoover Prime Professional Carpet Cleaner Solution, 50 oz., Ocean Breeze Scent, Powerful Carpet Shampoo Solution, Remove Tough Stains from Carpet and Upholstery, Pair with Hoover Carpet Cleaner Machine",281.23,Hoover,amazon,https://www.amazon.sa/-/en/Hoover-Professional-Solution-Powerful-Upholstery/dp/B0B7ZND42T/ref=sr_1_44?dib=eyJ2IjoiMSJ9.ggrY6T7FfwLmVW7NJ55hUqW8fWAHATPj5SJakF6kHM9ef1kUP1n6ADdjroa-DbYVnV6sZTQZFcti_BzlAL4y8tvE9vSJzEQNudp1uqkqxjnxNes5UKuq6tt6GcUHnoZodNa8OTeH-xe3ZJAYLNXxxoz8CR1y0Ap7I2M0k15nToQe67wAe8WrQAswzJEeO1Wjpjit7coOnhb9P5P102mCDO9Cvx9zcoqNM1gGl-dN10HCahnVTEgfwwDtNXNmxh6zjtx-S6QUH7RFySfKFjmMs4c8ZEZYtHHf0cFZVRyjSlc.sYs8Jr7N12Rfrjd1XqmQ2WEoQ0NGErIuA5ICVS4DO6Y&dib_tag=se&keywords=carpet+shampoo&qid=1757867112&sr=8-44,fl oz,50.0,50.0,5.6246
9/14/2025,Home,Home,H7-Carpet shampoo,Carpet shampoo,"Vanish Stain Remover Carpet Shampoo, 500Ml",39.99,Vanish,amazon,https://www.amazon.sa/-/en/Vanish-Stain-Remover-Carpet-Shampoo/dp/B07MTZBL9N/ref=sr_1_46?dib=eyJ2IjoiMSJ9.ggrY6T7FfwLmVW7NJ55hUqW8fWAHATPj5SJakF6kHM9ef1kUP1n6ADdjroa-DbYVnV6sZTQZFcti_BzlAL4y8tvE9vSJzEQNudp1uqkqxjnxNes5UKuq6tt6GcUHnoZodNa8OTeH-xe3ZJAYLNXxxoz8CR1y0Ap7I2M0k15nToQe67wAe8WrQAswzJEeO1Wjpjit7coOnhb9P5P102mCDO9Cvx9zcoqNM1gGl-dN10HCahnVTEgfwwDtNXNmxh6zjtx-S6QUH7RFySfKFjmMs4c8ZEZYtHHf0cFZVRyjSlc.sYs8Jr7N12Rfrjd1XqmQ2WEoQ0NGErIuA5ICVS4DO6Y&dib_tag=se&keywords=carpet+shampoo&qid=1757867112&sr=8-46,ml,500.0,0.5,79.98
9/14/2025,Home,Home,H7-Carpet shampoo,Carpet shampoo,"hoover Paws & Claws Deep Cleaning Carpet Shampoo, AH30933, White, 128oz",234.0,Hoover,amazon,https://www.amazon.sa/-/en/hoover-Cleaning-Carpet-Shampoo-AH30933/dp/B07RCNWGL8/ref=sr_1_47?dib=eyJ2IjoiMSJ9.ggrY6T7FfwLmVW7NJ55hUqW8fWAHATPj5SJakF6kHM9ef1kUP1n6ADdjroa-DbYVnV6sZTQZFcti_BzlAL4y8tvE9vSJzEQNudp1uqkqxjnxNes5UKuq6tt6GcUHnoZodNa8OTeH-xe3ZJAYLNXxxoz8CR1y0Ap7I2M0k15nToQe67wAe8WrQAswzJEeO1Wjpjit7coOnhb9P5P102mCDO9Cvx9zcoqNM1gGl-dN10HCahnVTEgfwwDtNXNmxh6zjtx-S6QUH7RFySfKFjmMs4c8ZEZYtHHf0cFZVRyjSlc.sYs8Jr7N12Rfrjd1XqmQ2WEoQ0NGErIuA5ICVS4DO6Y&dib_tag=se&keywords=carpet+shampoo&qid=1757867112&sr=8-47,fl oz,64.0,64.0,3.65625
9/14/2025,Home,Home,H7-Carpet shampoo,Carpet shampoo,Zep All-Purpose Carpet Shampoo Concentrate 128 ounce ZUCEC128 (formerly Carpet Extractor),274.0,Zep,amazon,https://www.amazon.sa/-/en/Zep-All-Purpose-Concentrate-ZUCEC128-Extractor/dp/B001B197J2/ref=sr_1_50?dib=eyJ2IjoiMSJ9.ggrY6T7FfwLmVW7NJ55hUqW8fWAHATPj5SJakF6kHM9ef1kUP1n6ADdjroa-DbYVnV6sZTQZFcti_BzlAL4y8tvE9vSJzEQNudp1uqkqxjnxNes5UKuq6tt6GcUHnoZodNa8OTeH-xe3ZJAYLNXxxoz8CR1y0Ap7I2M0k15nToQe67wAe8WrQAswzJEeO1Wjpjit7coOnhb9P5P102mCDO9Cvx9zcoqNM1gGl-dN10HCahnVTEgfwwDtNXNmxh6zjtx-S6QUH7RFySfKFjmMs4c8ZEZYtHHf0cFZVRyjSlc.sYs8Jr7N12Rfrjd1XqmQ2WEoQ0NGErIuA5ICVS4DO6Y&dib_tag=se&keywords=carpet+shampoo&qid=1757867112&sr=8-50,fl oz,128.0,128.0,2.140625
9/14/2025,Home,Home,H7-Carpet shampoo,Carpet shampoo,"Resolve Professional Steam Carpet Cleaner Solution Shampoo, 96oz, 2X Concentrate, Safe for Bissell, Hoover & Rug Doctor, Carpet Cleaner, Carpet Cleaner Solution (Pack of 1)",266.89,Resolve,amazon,https://www.amazon.sa/-/en/Resolve-Professional-Cleaner-Solution-Concentrate/dp/B0752LZ1NN/ref=sr_1_52?dib=eyJ2IjoiMSJ9.ggrY6T7FfwLmVW7NJ55hUqW8fWAHATPj5SJakF6kHM9ef1kUP1n6ADdjroa-DbYVnV6sZTQZFcti_BzlAL4y8tvE9vSJzEQNudp1uqkqxjnxNes5UKuq6tt6GcUHnoZodNa8OTeH-xe3ZJAYLNXxxoz8CR1y0Ap7I2M0k15nToQe67wAe8WrQAswzJEeO1Wjpjit7coOnhb9P5P102mCDO9Cvx9zcoqNM1gGl-dN10HCahnVTEgfwwDtNXNmxh6zjtx-S6QUH7RFySfKFjmMs4c8ZEZYtHHf0cFZVRyjSlc.sYs8Jr7N12Rfrjd1XqmQ2WEoQ0NGErIuA5ICVS4DO6Y&dib_tag=se&keywords=carpet+shampoo&qid=1757867112&sr=8-52,fl oz,96.0,96.0,2.7801041666666664
9/14/2025,Home,Home,H7-Carpet shampoo,Carpet shampoo,Dr.beckmann multi-purpose carpet stain remover shampoo with cleaning brush with advanced oxi powered formula|easy to use|home essentials|diy|suitable for tough stains & odours- 650ml,24.25,Dr. Beckmann,amazon,https://www.amazon.sa/-/en/Dr-beckmann-multi-purpose-cleaning-advanced-essentials/dp/B07PGL46K2/ref=sr_1_53?dib=eyJ2IjoiMSJ9.ggrY6T7FfwLmVW7NJ55hUqW8fWAHATPj5SJakF6kHM9ef1kUP1n6ADdjroa-DbYVnV6sZTQZFcti_BzlAL4y8tvE9vSJzEQNudp1uqkqxjnxNes5UKuq6tt6GcUHnoZodNa8OTeH-xe3ZJAYLNXxxoz8CR1y0Ap7I2M0k15nToQe67wAe8WrQAswzJEeO1Wjpjit7coOnhb9P5P102mCDO9Cvx9zcoqNM1gGl-dN10HCahnVTEgfwwDtNXNmxh6zjtx-S6QUH7RFySfKFjmMs4c8ZEZYtHHf0cFZVRyjSlc.sYs8Jr7N12Rfrjd1XqmQ2WEoQ0NGErIuA5ICVS4DO6Y&dib_tag=se&keywords=carpet+shampoo&qid=1757867112&sr=8-53,ml,650.0,0.65,37.30769230769231
9/14/2025,Home,Home,H7-Carpet shampoo,Carpet shampoo,"Pfroziel CARPET, SOFA & FABRIC UPHOLSTERY CLEANER LIQUID/SHAMPOO 500ML | Remove tough stain/heavy black stains/oil/grease/tea marks I Biodegrable",58.7,Pfroziel,amazon,https://www.amazon.sa/-/en/Pfroziel-UPHOLSTERY-CLEANER-SHAMPOO-Biodegrable/dp/B09PV21F8R/ref=sr_1_54?dib=eyJ2IjoiMSJ9.ggrY6T7FfwLmVW7NJ55hUqW8fWAHATPj5SJakF6kHM9ef1kUP1n6ADdjroa-DbYVnV6sZTQZFcti_BzlAL4y8tvE9vSJzEQNudp1uqkqxjnxNes5UKuq6tt6GcUHnoZodNa8OTeH-xe3ZJAYLNXxxoz8CR1y0Ap7I2M0k15nToQe67wAe8WrQAswzJEeO1Wjpjit7coOnhb9P5P102mCDO9Cvx9zcoqNM1gGl-dN10HCahnVTEgfwwDtNXNmxh6zjtx-S6QUH7RFySfKFjmMs4c8ZEZYtHHf0cFZVRyjSlc.sYs8Jr7N12Rfrjd1XqmQ2WEoQ0NGErIuA5ICVS4DO6Y&dib_tag=se&keywords=carpet+shampoo&qid=1757867112&sr=8-54,ml,500.0,0.5,117.4
9/14/2025,Home,Home,H7-Carpet shampoo,Carpet shampoo,Hagerty Dry Shampoo Carpet Cleaning Powder 500 g I Special Dry Shampoo Powder Extra for Sensitive Carpets Carpets Furniture Fabrics I Stain Remover Carpet and Upholstery Cleaner Dry,88.38,Hagerty,amazon,https://www.amazon.sa/-/en/Hagerty-Cleaning-Sensitive-Furniture-Upholstery/dp/B000J3MCRC/ref=sr_1_55?dib=eyJ2IjoiMSJ9.ggrY6T7FfwLmVW7NJ55hUqW8fWAHATPj5SJakF6kHM9ef1kUP1n6ADdjroa-DbYVnV6sZTQZFcti_BzlAL4y8tvE9vSJzEQNudp1uqkqxjnxNes5UKuq6tt6GcUHnoZodNa8OTeH-xe3ZJAYLNXxxoz8CR1y0Ap7I2M0k15nToQe67wAe8WrQAswzJEeO1Wjpjit7coOnhb9P5P102mCDO9Cvx9zcoqNM1gGl-dN10HCahnVTEgfwwDtNXNmxh6zjtx-S6QUH7RFySfKFjmMs4c8ZEZYtHHf0cFZVRyjSlc.sYs8Jr7N12Rfrjd1XqmQ2WEoQ0NGErIuA5ICVS4DO6Y&dib_tag=se&keywords=carpet+shampoo&qid=1757867112&sr=8-55,g,500.0,500.0,0.17676
9/14/2025,Home,Home,H7-Carpet shampoo,Carpet shampoo,Hagerty Dry Carpet Shampoo 500g - A116079,91.51,Hagerty,amazon,https://www.amazon.sa/-/en/Hagerty-Dry-Carpet-Shampoo-500g/dp/B079T4P9WL/ref=sr_1_56?dib=eyJ2IjoiMSJ9.ggrY6T7FfwLmVW7NJ55hUqW8fWAHATPj5SJakF6kHM9ef1kUP1n6ADdjroa-DbYVnV6sZTQZFcti_BzlAL4y8tvE9vSJzEQNudp1uqkqxjnxNes5UKuq6tt6GcUHnoZodNa8OTeH-xe3ZJAYLNXxxoz8CR1y0Ap7I2M0k15nToQe67wAe8WrQAswzJEeO1Wjpjit7coOnhb9P5P102mCDO9Cvx9zcoqNM1gGl-dN10HCahnVTEgfwwDtNXNmxh6zjtx-S6QUH7RFySfKFjmMs4c8ZEZYtHHf0cFZVRyjSlc.sYs8Jr7N12Rfrjd1XqmQ2WEoQ0NGErIuA5ICVS4DO6Y&dib_tag=se&keywords=carpet+shampoo&qid=1757867112&sr=8-56,g,500.0,500.0,0.18302
9/14/2025,Home,Home,H7-Spot remover for carpets,Stain remover,Resolve 22 oz. Trigger Carpet Stain Remover,49.95,Resolve,amazon,https://www.amazon.sa/-/en/Resolve-Trigger-Carpet-Stain-Remover/dp/B000TDZH3S/ref=sr_1_5?dib=eyJ2IjoiMSJ9.vVYHKSG5QjuFYhheD8fNyi9n6bWvUzfiaera6VN1Gg_2YJj6oMZkiZXZoDdzlwZU953lOv7YnZmtqDgFYgu0FxiGFR0CytOv8MMBdhoKYCo52cnKsxdwf1HzcC_us1BcNgBW57IbB-JQEgyU3ZJcPJ7tNXmctHQiPO7f2ZnrVjT19jlpfn_M1UCDB_jzgHo98UAl3qxpoh866X3YrarJcE0zaMgHfEaZ2OlZQrOAPWcOv64hipHliC3Acpv_lcuHO88Zs15h8fSvdPsibgoO9tlZigEhXgt6DNuWRdmnoKk.3SF6c_4j43BXD3NEOeveJJrzrai-PNsnaS0g0GaM5NI&dib_tag=se&keywords=spot+remover+for+carpets&qid=1757867441&sr=8-5,fl oz,22.0,22.0,2.270454545454545
9/14/2025,Home,Home,H7-Spot remover for carpets,Stain remover,"Stardrops The Pink Stuff The Miracle Foaming Carpet&Upholstery Stain Remover, 500ml",23.76,THE PINK STUFF,amazon,https://www.amazon.sa/-/en/Stardrops-Miracle-Foaming-Upholstery-Remover/dp/B0CR6YH5DY/ref=sr_1_6?dib=eyJ2IjoiMSJ9.vVYHKSG5QjuFYhheD8fNyi9n6bWvUzfiaera6VN1Gg_2YJj6oMZkiZXZoDdzlwZU953lOv7YnZmtqDgFYgu0FxiGFR0CytOv8MMBdhoKYCo52cnKsxdwf1HzcC_us1BcNgBW57IbB-JQEgyU3ZJcPJ7tNXmctHQiPO7f2ZnrVjT19jlpfn_M1UCDB_jzgHo98UAl3qxpoh866X3YrarJcE0zaMgHfEaZ2OlZQrOAPWcOv64hipHliC3Acpv_lcuHO88Zs15h8fSvdPsibgoO9tlZigEhXgt6DNuWRdmnoKk.3SF6c_4j43BXD3NEOeveJJrzrai-PNsnaS0g0GaM5NI&dib_tag=se&keywords=spot+remover+for+carpets&qid=1757867441&sr=8-6,ml,500.0,0.5,47.52
9/14/2025,Home,Home,H7-Spot remover for carpets,Stain remover,Dr.Beckmann Carpet Cleaner Brush For carpet and upholstery 650ml,24.25,Dr. Beckmann,amazon,https://www.amazon.sa/-/en/Dr-Beckmann-Carpet-Cleaner-carpet-upholstery/dp/B006ZMNWYS/ref=sr_1_7?dib=eyJ2IjoiMSJ9.vVYHKSG5QjuFYhheD8fNyi9n6bWvUzfiaera6VN1Gg_2YJj6oMZkiZXZoDdzlwZU953lOv7YnZmtqDgFYgu0FxiGFR0CytOv8MMBdhoKYCo52cnKsxdwf1HzcC_us1BcNgBW57IbB-JQEgyU3ZJcPJ7tNXmctHQiPO7f2ZnrVjT19jlpfn_M1UCDB_jzgHo98UAl3qxpoh866X3YrarJcE0zaMgHfEaZ2OlZQrOAPWcOv64hipHliC3Acpv_lcuHO88Zs15h8fSvdPsibgoO9tlZigEhXgt6DNuWRdmnoKk.3SF6c_4j43BXD3NEOeveJJrzrai-PNsnaS0g0GaM5NI&dib_tag=se&keywords=spot+remover+for+carpets&qid=1757867441&sr=8-7,ml,650.0,0.65,37.30769230769231
9/14/2025,Home,Home,H7-Spot remover for carpets,Stain remover,"Turtle Wax 53839 Spot Clean Stain & Odor Remover, Non-Aerosol Foaming Spray Cleaner for Carpet, Fabric and Upholstered Surfaces, Eliminates Tough Stains, Deodorizes, 16 oz",39.94,Turtle Wax,amazon,https://www.amazon.sa/-/en/Turtle-Wax-53839-Non-Aerosol-Upholstered/dp/B0BL438QZZ/ref=sr_1_9?dib=eyJ2IjoiMSJ9.vVYHKSG5QjuFYhheD8fNyi9n6bWvUzfiaera6VN1Gg_2YJj6oMZkiZXZoDdzlwZU953lOv7YnZmtqDgFYgu0FxiGFR0CytOv8MMBdhoKYCo52cnKsxdwf1HzcC_us1BcNgBW57IbB-JQEgyU3ZJcPJ7tNXmctHQiPO7f2ZnrVjT19jlpfn_M1UCDB_jzgHo98UAl3qxpoh866X3YrarJcE0zaMgHfEaZ2OlZQrOAPWcOv64hipHliC3Acpv_lcuHO88Zs15h8fSvdPsibgoO9tlZigEhXgt6DNuWRdmnoKk.3SF6c_4j43BXD3NEOeveJJrzrai-PNsnaS0g0GaM5NI&dib_tag=se&keywords=spot+remover+for+carpets&qid=1757867441&sr=8-9,fl oz,16.0,16.0,2.49625
9/14/2025,Home,Home,H7-Spot remover for carpets,Stain remover,"Resolve Professional Strength Spot and Stain Carpet Cleaner, Carpet Cleaner, Carpet Cleaner Solution, 32 Fl Oz (Pack of 1)",122.98,Resolve,amazon,https://www.amazon.sa/-/en/Resolve-Professional-Strength-Cleaner-Solution/dp/B0061V7S5W/ref=sr_1_12?dib=eyJ2IjoiMSJ9.vVYHKSG5QjuFYhheD8fNyi9n6bWvUzfiaera6VN1Gg_2YJj6oMZkiZXZoDdzlwZU953lOv7YnZmtqDgFYgu0FxiGFR0CytOv8MMBdhoKYCo52cnKsxdwf1HzcC_us1BcNgBW57IbB-JQEgyU3ZJcPJ7tNXmctHQiPO7f2ZnrVjT19jlpfn_M1UCDB_jzgHo98UAl3qxpoh866X3YrarJcE0zaMgHfEaZ2OlZQrOAPWcOv64hipHliC3Acpv_lcuHO88Zs15h8fSvdPsibgoO9tlZigEhXgt6DNuWRdmnoKk.3SF6c_4j43BXD3NEOeveJJrzrai-PNsnaS0g0GaM5NI&dib_tag=se&keywords=spot+remover+for+carpets&qid=1757867441&sr=8-12,fl oz,32.0,32.0,3.843125
9/14/2025,Home,Home,H7-Spot remover for carpets,Stain remover,"Folex Carpet Spot Remover, 32 oz/bottle, 64 oz Total",268.0,FOLEX,amazon,https://www.amazon.sa/-/en/Folex-Carpet-Remover-bottle-Total/dp/B01CQ52BP8/ref=sr_1_13?dib=eyJ2IjoiMSJ9.vVYHKSG5QjuFYhheD8fNyi9n6bWvUzfiaera6VN1Gg_2YJj6oMZkiZXZoDdzlwZU953lOv7YnZmtqDgFYgu0FxiGFR0CytOv8MMBdhoKYCo52cnKsxdwf1HzcC_us1BcNgBW57IbB-JQEgyU3ZJcPJ7tNXmctHQiPO7f2ZnrVjT19jlpfn_M1UCDB_jzgHo98UAl3qxpoh866X3YrarJcE0zaMgHfEaZ2OlZQrOAPWcOv64hipHliC3Acpv_lcuHO88Zs15h8fSvdPsibgoO9tlZigEhXgt6DNuWRdmnoKk.3SF6c_4j43BXD3NEOeveJJrzrai-PNsnaS0g0GaM5NI&dib_tag=se&keywords=spot+remover+for+carpets&qid=1757867441&sr=8-13,fl oz,32.0,32.0,8.375
9/14/2025,Home,Home,H7-Spot remover for carpets,Stain remover,Zep Instant Spot And Carpet Stain Remover 19 Oz,99.0,Zep,amazon,https://www.amazon.sa/-/en/Zep-Instant-Carpet-Stain-Remover/dp/B0042JMOA4/ref=sr_1_14?dib=eyJ2IjoiMSJ9.vVYHKSG5QjuFYhheD8fNyi9n6bWvUzfiaera6VN1Gg_2YJj6oMZkiZXZoDdzlwZU953lOv7YnZmtqDgFYgu0FxiGFR0CytOv8MMBdhoKYCo52cnKsxdwf1HzcC_us1BcNgBW57IbB-JQEgyU3ZJcPJ7tNXmctHQiPO7f2ZnrVjT19jlpfn_M1UCDB_jzgHo98UAl3qxpoh866X3YrarJcE0zaMgHfEaZ2OlZQrOAPWcOv64hipHliC3Acpv_lcuHO88Zs15h8fSvdPsibgoO9tlZigEhXgt6DNuWRdmnoKk.3SF6c_4j43BXD3NEOeveJJrzrai-PNsnaS0g0GaM5NI&dib_tag=se&keywords=spot+remover+for+carpets&qid=1757867441&sr=8-14,fl oz,3.75,3.75,26.4
9/14/2025,Home,Home,H7-Spot remover for carpets,Stain remover,"Folex Professional Carpet Spot Remover, 34oz",228.0,FOLEX,amazon,https://www.amazon.sa/-/en/Folex-Professional-Carpet-Spot-Remover/dp/B004D92G10/ref=sr_1_16?dib=eyJ2IjoiMSJ9.vVYHKSG5QjuFYhheD8fNyi9n6bWvUzfiaera6VN1Gg_2YJj6oMZkiZXZoDdzlwZU953lOv7YnZmtqDgFYgu0FxiGFR0CytOv8MMBdhoKYCo52cnKsxdwf1HzcC_us1BcNgBW57IbB-JQEgyU3ZJcPJ7tNXmctHQiPO7f2ZnrVjT19jlpfn_M1UCDB_jzgHo98UAl3qxpoh866X3YrarJcE0zaMgHfEaZ2OlZQrOAPWcOv64hipHliC3Acpv_lcuHO88Zs15h8fSvdPsibgoO9tlZigEhXgt6DNuWRdmnoKk.3SF6c_4j43BXD3NEOeveJJrzrai-PNsnaS0g0GaM5NI&dib_tag=se&keywords=spot+remover+for+carpets&qid=1757867441&sr=8-16,fl oz,34.0,34.0,6.705882352941177
9/14/2025,Home,Home,H7-Spot remover for carpets,Stain remover,Vanish Carpet Oxi Action Stain Remover Power Spray 500 ml,39.99,Vanish,amazon,https://www.amazon.sa/-/en/Vanish-Carpet-Action-Stain-Remover/dp/B0883L1FF1/ref=sr_1_20?dib=eyJ2IjoiMSJ9.vVYHKSG5QjuFYhheD8fNyi9n6bWvUzfiaera6VN1Gg_2YJj6oMZkiZXZoDdzlwZU953lOv7YnZmtqDgFYgu0FxiGFR0CytOv8MMBdhoKYCo52cnKsxdwf1HzcC_us1BcNgBW57IbB-JQEgyU3ZJcPJ7tNXmctHQiPO7f2ZnrVjT19jlpfn_M1UCDB_jzgHo98UAl3qxpoh866X3YrarJcE0zaMgHfEaZ2OlZQrOAPWcOv64hipHliC3Acpv_lcuHO88Zs15h8fSvdPsibgoO9tlZigEhXgt6DNuWRdmnoKk.3SF6c_4j43BXD3NEOeveJJrzrai-PNsnaS0g0GaM5NI&dib_tag=se&keywords=spot+remover+for+carpets&qid=1757867441&sr=8-20,ml,500.0,0.5,79.98
9/14/2025,Home,Home,H7-Spot remover for carpets,Stain remover,"Grandma's Secret Spot Remover, 2 Ounce",43.0,Company not found,amazon,https://www.amazon.sa/-/en/Grandmas-Secret-Spot-Remover-Ounce/dp/B0021JD2S0/ref=sr_1_25?dib=eyJ2IjoiMSJ9.vVYHKSG5QjuFYhheD8fNyi9n6bWvUzfiaera6VN1Gg_2YJj6oMZkiZXZoDdzlwZU953lOv7YnZmtqDgFYgu0FxiGFR0CytOv8MMBdhoKYCo52cnKsxdwf1HzcC_us1BcNgBW57IbB-JQEgyU3ZJcPJ7tNXmctHQiPO7f2ZnrVjT19jlpfn_M1UCDB_jzgHo98UAl3qxpoh866X3YrarJcE0zaMgHfEaZ2OlZQrOAPWcOv64hipHliC3Acpv_lcuHO88Zs15h8fSvdPsibgoO9tlZigEhXgt6DNuWRdmnoKk.3SF6c_4j43BXD3NEOeveJJrzrai-PNsnaS0g0GaM5NI&dib_tag=se&keywords=spot+remover+for+carpets&qid=1757867441&sr=8-25,fl oz,2.0,2.0,21.5
9/14/2025,Home,Home,H7-Spot remover for carpets,Stain remover,Rug Doctor by BISSELL Professional Oxy Spot & Pre-Treat 22oz,95.0,Rug Doctor,amazon,https://www.amazon.sa/-/en/Rug-Doctor-BISSELL-Professional-Pre-Treat/dp/B0DFZJ6VLT/ref=sr_1_27?dib=eyJ2IjoiMSJ9.vVYHKSG5QjuFYhheD8fNyi9n6bWvUzfiaera6VN1Gg_2YJj6oMZkiZXZoDdzlwZU953lOv7YnZmtqDgFYgu0FxiGFR0CytOv8MMBdhoKYCo52cnKsxdwf1HzcC_us1BcNgBW57IbB-JQEgyU3ZJcPJ7tNXmctHQiPO7f2ZnrVjT19jlpfn_M1UCDB_jzgHo98UAl3qxpoh866X3YrarJcE0zaMgHfEaZ2OlZQrOAPWcOv64hipHliC3Acpv_lcuHO88Zs15h8fSvdPsibgoO9tlZigEhXgt6DNuWRdmnoKk.3SF6c_4j43BXD3NEOeveJJrzrai-PNsnaS0g0GaM5NI&dib_tag=se&keywords=spot+remover+for+carpets&qid=1757867441&sr=8-27,fl oz,22.0,22.0,4.318181818181818
9/14/2025,Home,Home,H7-Spot remover for carpets,Stain remover,"Bissell Professional Spot and Stain + Oxy Portable Machine Formula, 32 oz, 32 Fl Oz",114.0,Bissell,amazon,https://www.amazon.sa/-/en/Bissell-Professional-Portable-Machine-Formula/dp/B074FRJR9M/ref=sr_1_28?dib=eyJ2IjoiMSJ9.vVYHKSG5QjuFYhheD8fNyi9n6bWvUzfiaera6VN1Gg_2YJj6oMZkiZXZoDdzlwZU953lOv7YnZmtqDgFYgu0FxiGFR0CytOv8MMBdhoKYCo52cnKsxdwf1HzcC_us1BcNgBW57IbB-JQEgyU3ZJcPJ7tNXmctHQiPO7f2ZnrVjT19jlpfn_M1UCDB_jzgHo98UAl3qxpoh866X3YrarJcE0zaMgHfEaZ2OlZQrOAPWcOv64hipHliC3Acpv_lcuHO88Zs15h8fSvdPsibgoO9tlZigEhXgt6DNuWRdmnoKk.3SF6c_4j43BXD3NEOeveJJrzrai-PNsnaS0g0GaM5NI&dib_tag=se&keywords=spot+remover+for+carpets&qid=1757867441&sr=8-28,fl oz,32.0,32.0,3.5625
9/14/2025,Home,Home,H7-Spot remover for carpets,Stain remover,Carbona Carpet Cleaner with Brush | Oxy-Powered Foam for Spot Stain Removal | 13.5 Fl Oz,142.13,Carbona,amazon,https://www.amazon.sa/-/en/Carbona-Carpet-Cleaner-Oxy-Powered-Removal/dp/B0CZ2JPSQK/ref=sr_1_29?dib=eyJ2IjoiMSJ9.vVYHKSG5QjuFYhheD8fNyi9n6bWvUzfiaera6VN1Gg_2YJj6oMZkiZXZoDdzlwZU953lOv7YnZmtqDgFYgu0FxiGFR0CytOv8MMBdhoKYCo52cnKsxdwf1HzcC_us1BcNgBW57IbB-JQEgyU3ZJcPJ7tNXmctHQiPO7f2ZnrVjT19jlpfn_M1UCDB_jzgHo98UAl3qxpoh866X3YrarJcE0zaMgHfEaZ2OlZQrOAPWcOv64hipHliC3Acpv_lcuHO88Zs15h8fSvdPsibgoO9tlZigEhXgt6DNuWRdmnoKk.3SF6c_4j43BXD3NEOeveJJrzrai-PNsnaS0g0GaM5NI&dib_tag=se&keywords=spot+remover+for+carpets&qid=1757867441&sr=8-29,fl oz,13.5,13.5,10.528148148148148
9/14/2025,Home,Home,H7-Spot remover for carpets,Stain remover,Grandma's Secret Spot Remover Trigger Spray 16oz,87.0,Grandma's Secret,amazon,https://www.amazon.sa/-/en/Grandmas-Secret-Remover-Trigger-Spray/dp/B00KKV9WNU/ref=sr_1_31?dib=eyJ2IjoiMSJ9.vVYHKSG5QjuFYhheD8fNyi9n6bWvUzfiaera6VN1Gg_2YJj6oMZkiZXZoDdzlwZU953lOv7YnZmtqDgFYgu0FxiGFR0CytOv8MMBdhoKYCo52cnKsxdwf1HzcC_us1BcNgBW57IbB-JQEgyU3ZJcPJ7tNXmctHQiPO7f2ZnrVjT19jlpfn_M1UCDB_jzgHo98UAl3qxpoh866X3YrarJcE0zaMgHfEaZ2OlZQrOAPWcOv64hipHliC3Acpv_lcuHO88Zs15h8fSvdPsibgoO9tlZigEhXgt6DNuWRdmnoKk.3SF6c_4j43BXD3NEOeveJJrzrai-PNsnaS0g0GaM5NI&dib_tag=se&keywords=spot+remover+for+carpets&qid=1757867441&sr=8-31,fl oz,16.0,16.0,5.4375
9/14/2025,Home,Home,H7-Spot remover for carpets,Stain remover,Ecolab Carpet A Spot and Stain Remover 500 ml,78.21,Ecolab,amazon,https://www.amazon.sa/-/en/Ecolab-Carpet-Spot-Stain-Remover/dp/B00GE9UYAW/ref=sr_1_32?dib=eyJ2IjoiMSJ9.vVYHKSG5QjuFYhheD8fNyi9n6bWvUzfiaera6VN1Gg_2YJj6oMZkiZXZoDdzlwZU953lOv7YnZmtqDgFYgu0FxiGFR0CytOv8MMBdhoKYCo52cnKsxdwf1HzcC_us1BcNgBW57IbB-JQEgyU3ZJcPJ7tNXmctHQiPO7f2ZnrVjT19jlpfn_M1UCDB_jzgHo98UAl3qxpoh866X3YrarJcE0zaMgHfEaZ2OlZQrOAPWcOv64hipHliC3Acpv_lcuHO88Zs15h8fSvdPsibgoO9tlZigEhXgt6DNuWRdmnoKk.3SF6c_4j43BXD3NEOeveJJrzrai-PNsnaS0g0GaM5NI&dib_tag=se&keywords=spot+remover+for+carpets&qid=1757867441&sr=8-32,ml,500.0,0.5,156.42
9/14/2025,Home,Home,H7-Spot remover for carpets,Stain remover,"Rocco & Roxie Supply Co Professional Strength Stain and Odor Eliminator, Enzyme-Powered Pet Odor and Stain Remover for Dogs and Cat Urine, Spot Carpet Cleaner for Small Animal, 32 oz.",250.0,Rocco & Roxie Supply Co,amazon,https://www.amazon.sa/-/en/Rocco-Roxie-Supply-Professional-Enzyme-Powered/dp/B00CKFL93K/ref=sr_1_36?dib=eyJ2IjoiMSJ9.vVYHKSG5QjuFYhheD8fNyi9n6bWvUzfiaera6VN1Gg_2YJj6oMZkiZXZoDdzlwZU953lOv7YnZmtqDgFYgu0FxiGFR0CytOv8MMBdhoKYCo52cnKsxdwf1HzcC_us1BcNgBW57IbB-JQEgyU3ZJcPJ7tNXmctHQiPO7f2ZnrVjT19jlpfn_M1UCDB_jzgHo98UAl3qxpoh866X3YrarJcE0zaMgHfEaZ2OlZQrOAPWcOv64hipHliC3Acpv_lcuHO88Zs15h8fSvdPsibgoO9tlZigEhXgt6DNuWRdmnoKk.3SF6c_4j43BXD3NEOeveJJrzrai-PNsnaS0g0GaM5NI&dib_tag=se&keywords=spot+remover+for+carpets&qid=1757867441&sr=8-36,fl oz,32.0,32.0,7.8125
9/14/2025,Home,Home,H7-Spot remover for carpets,Stain remover,"FOLEX Instant Carpet Spot Remover Carpet Cleaner with Reusable Cleaning Cloth - 128 oz - Removes Pet Accidents, Grease, Red Wine and More - 1 Pack",304.55,FOLEX,amazon,https://www.amazon.sa/-/en/FOLEX-Instant-Remover-Reusable-Cleaning/dp/B0F7CM1NYT/ref=sr_1_39?dib=eyJ2IjoiMSJ9.vVYHKSG5QjuFYhheD8fNyi9n6bWvUzfiaera6VN1Gg_2YJj6oMZkiZXZoDdzlwZU953lOv7YnZmtqDgFYgu0FxiGFR0CytOv8MMBdhoKYCo52cnKsxdwf1HzcC_us1BcNgBW57IbB-JQEgyU3ZJcPJ7tNXmctHQiPO7f2ZnrVjT19jlpfn_M1UCDB_jzgHo98UAl3qxpoh866X3YrarJcE0zaMgHfEaZ2OlZQrOAPWcOv64hipHliC3Acpv_lcuHO88Zs15h8fSvdPsibgoO9tlZigEhXgt6DNuWRdmnoKk.3SF6c_4j43BXD3NEOeveJJrzrai-PNsnaS0g0GaM5NI&dib_tag=se&keywords=spot+remover+for+carpets&qid=1757867441&sr=8-39,fl oz,128.0,128.0,2.379296875
9/14/2025,Home,Home,H7-Spot remover for carpets,Stain remover,Rejuvenate Carpet & Upholstery Spot Remover Stain Cleaner Bio-Enzymatic Professional Strength Urine Remover Dog Cat Stain and Pet Odor Eliminator Ready-to-Use,43.95,Rejuvenate,amazon,https://www.amazon.sa/-/en/Rejuvenate-Upholstery-Bio-Enzymatic-Professional-Eliminator/dp/B07FD2Y162/ref=sr_1_40?dib=eyJ2IjoiMSJ9.vVYHKSG5QjuFYhheD8fNyi9n6bWvUzfiaera6VN1Gg_2YJj6oMZkiZXZoDdzlwZU953lOv7YnZmtqDgFYgu0FxiGFR0CytOv8MMBdhoKYCo52cnKsxdwf1HzcC_us1BcNgBW57IbB-JQEgyU3ZJcPJ7tNXmctHQiPO7f2ZnrVjT19jlpfn_M1UCDB_jzgHo98UAl3qxpoh866X3YrarJcE0zaMgHfEaZ2OlZQrOAPWcOv64hipHliC3Acpv_lcuHO88Zs15h8fSvdPsibgoO9tlZigEhXgt6DNuWRdmnoKk.3SF6c_4j43BXD3NEOeveJJrzrai-PNsnaS0g0GaM5NI&dib_tag=se&keywords=spot+remover+for+carpets&qid=1757867441&sr=8-40,fl oz,32.0,32.0,1.3734375
9/14/2025,Home,Home,H7-Spot remover for carpets,Stain remover,Dr.Beckmann 2 in 1 Upholstery Stain Remover with Soft Brush Suitable for Cloth Car Seats & Mattress-Removes Stains & Odours- OXY & Anti-Odour Formula-Made in Germany-400 ML,36.23,Dr. Beckmann,amazon,https://www.amazon.sa/-/en/Dr-Beckmann-Upholstery-Mattress-Removes-Formula-Made-Germany-400/dp/B0B45NDMML/ref=sr_1_41?dib=eyJ2IjoiMSJ9.vVYHKSG5QjuFYhheD8fNyi9n6bWvUzfiaera6VN1Gg_2YJj6oMZkiZXZoDdzlwZU953lOv7YnZmtqDgFYgu0FxiGFR0CytOv8MMBdhoKYCo52cnKsxdwf1HzcC_us1BcNgBW57IbB-JQEgyU3ZJcPJ7tNXmctHQiPO7f2ZnrVjT19jlpfn_M1UCDB_jzgHo98UAl3qxpoh866X3YrarJcE0zaMgHfEaZ2OlZQrOAPWcOv64hipHliC3Acpv_lcuHO88Zs15h8fSvdPsibgoO9tlZigEhXgt6DNuWRdmnoKk.3SF6c_4j43BXD3NEOeveJJrzrai-PNsnaS0g0GaM5NI&dib_tag=se&keywords=spot+remover+for+carpets&qid=1757867441&sr=8-41,ml,400.0,0.4,90.575
9/14/2025,Home,Home,H7-Spot remover for carpets,Stain remover,"FOLEX Instant Carpet Spot Remover Carpet Cleaner - 128 oz - Removes Pet Accidents, Grease, Red Wine and More",287.17,FOLEX,amazon,https://www.amazon.sa/-/en/dp/B0F4GTQ7MJ/ref=sr_1_43?dib=eyJ2IjoiMSJ9.vVYHKSG5QjuFYhheD8fNyi9n6bWvUzfiaera6VN1Gg_2YJj6oMZkiZXZoDdzlwZU953lOv7YnZmtqDgFYgu0FxiGFR0CytOv8MMBdhoKYCo52cnKsxdwf1HzcC_us1BcNgBW57IbB-JQEgyU3ZJcPJ7tNXmctHQiPO7f2ZnrVjT19jlpfn_M1UCDB_jzgHo98UAl3qxpoh866X3YrarJcE0zaMgHfEaZ2OlZQrOAPWcOv64hipHliC3Acpv_lcuHO88Zs15h8fSvdPsibgoO9tlZigEhXgt6DNuWRdmnoKk.3SF6c_4j43BXD3NEOeveJJrzrai-PNsnaS0g0GaM5NI&dib_tag=se&keywords=spot+remover+for+carpets&qid=1757867441&sr=8-43,fl oz,128.0,128.0,2.243515625
9/14/2025,Home,Home,H7-Spot remover for carpets,Stain remover,Spot Shot Professional Carpet Stain Remover - 3/18 oz.,297.25,Spot Shot,amazon,https://www.amazon.sa/-/en/Spot-Shot-Professional-Carpet-Remover/dp/B005067SAE/ref=sr_1_44?dib=eyJ2IjoiMSJ9.vVYHKSG5QjuFYhheD8fNyi9n6bWvUzfiaera6VN1Gg_2YJj6oMZkiZXZoDdzlwZU953lOv7YnZmtqDgFYgu0FxiGFR0CytOv8MMBdhoKYCo52cnKsxdwf1HzcC_us1BcNgBW57IbB-JQEgyU3ZJcPJ7tNXmctHQiPO7f2ZnrVjT19jlpfn_M1UCDB_jzgHo98UAl3qxpoh866X3YrarJcE0zaMgHfEaZ2OlZQrOAPWcOv64hipHliC3Acpv_lcuHO88Zs15h8fSvdPsibgoO9tlZigEhXgt6DNuWRdmnoKk.3SF6c_4j43BXD3NEOeveJJrzrai-PNsnaS0g0GaM5NI&dib_tag=se&keywords=spot+remover+for+carpets&qid=1757867441&sr=8-44,fl oz,18.0,18.0,16.51388888888889
9/14/2025,Home,Home,H7-Spot remover for carpets,Stain remover,"Parker & Bailey Liquid Stain Remover - Instant Stain Removal on Laundry Clothing Fabric Ink Grease Blood Grass Coffee Wine Food Carpet Upholstery Spot Cleaner Odor Free Detergent Booster, 8oz",49.95,Parker & Bailey,amazon,https://www.amazon.sa/-/en/Parker-Bailey-Liquid-Stain-Remover/dp/B06XD2Y6VT/ref=sr_1_45?dib=eyJ2IjoiMSJ9.vVYHKSG5QjuFYhheD8fNyi9n6bWvUzfiaera6VN1Gg_2YJj6oMZkiZXZoDdzlwZU953lOv7YnZmtqDgFYgu0FxiGFR0CytOv8MMBdhoKYCo52cnKsxdwf1HzcC_us1BcNgBW57IbB-JQEgyU3ZJcPJ7tNXmctHQiPO7f2ZnrVjT19jlpfn_M1UCDB_jzgHo98UAl3qxpoh866X3YrarJcE0zaMgHfEaZ2OlZQrOAPWcOv64hipHliC3Acpv_lcuHO88Zs15h8fSvdPsibgoO9tlZigEhXgt6DNuWRdmnoKk.3SF6c_4j43BXD3NEOeveJJrzrai-PNsnaS0g0GaM5NI&dib_tag=se&keywords=spot+remover+for+carpets&qid=1757867441&sr=8-45,fl oz,8.0,8.0,6.24375
9/14/2025,Home,Home,H7-Spot remover for carpets,Stain remover,"Spot Clean 473ml Car Stain And Odor Remover Oxi HyperFoam Carpet Fabric Cleaner, Carpet Stain Remover, Upholstery Cleaner, Easy Spray Bottle Cleaner- Turtle Wax",65.0,Generic,amazon,https://www.amazon.sa/-/en/Remover-HyperFoam-Cleaner-Upholstery-Cleaner/dp/B0D8BLHM86/ref=sr_1_52?dib=eyJ2IjoiMSJ9.vVYHKSG5QjuFYhheD8fNyi9n6bWvUzfiaera6VN1Gg_2YJj6oMZkiZXZoDdzlwZU953lOv7YnZmtqDgFYgu0FxiGFR0CytOv8MMBdhoKYCo52cnKsxdwf1HzcC_us1BcNgBW57IbB-JQEgyU3ZJcPJ7tNXmctHQiPO7f2ZnrVjT19jlpfn_M1UCDB_jzgHo98UAl3qxpoh866X3YrarJcE0zaMgHfEaZ2OlZQrOAPWcOv64hipHliC3Acpv_lcuHO88Zs15h8fSvdPsibgoO9tlZigEhXgt6DNuWRdmnoKk.3SF6c_4j43BXD3NEOeveJJrzrai-PNsnaS0g0GaM5NI&dib_tag=se&keywords=spot+remover+for+carpets&qid=1757867441&sr=8-52,ml,473.0,0.473,137.42071881606765
9/14/2025,Home,Home,H7-Spot remover for carpets,Stain remover,"Bissell Professional Pet Urine Eliminator + Oxy Carpet Cleaning Formula, 48 oz, 1990, 48 Ounce, 48 Ounce",213.0,Bissell,amazon,https://www.amazon.sa/-/en/Bissell-Professional-Eliminator-Cleaning-1990/dp/B06XKKFK35/ref=sr_1_54?dib=eyJ2IjoiMSJ9.vVYHKSG5QjuFYhheD8fNyi9n6bWvUzfiaera6VN1Gg_2YJj6oMZkiZXZoDdzlwZU953lOv7YnZmtqDgFYgu0FxiGFR0CytOv8MMBdhoKYCo52cnKsxdwf1HzcC_us1BcNgBW57IbB-JQEgyU3ZJcPJ7tNXmctHQiPO7f2ZnrVjT19jlpfn_M1UCDB_jzgHo98UAl3qxpoh866X3YrarJcE0zaMgHfEaZ2OlZQrOAPWcOv64hipHliC3Acpv_lcuHO88Zs15h8fSvdPsibgoO9tlZigEhXgt6DNuWRdmnoKk.3SF6c_4j43BXD3NEOeveJJrzrai-PNsnaS0g0GaM5NI&dib_tag=se&keywords=spot+remover+for+carpets&qid=1757867441&sr=8-54,fl oz,48.0,48.0,4.4375
9/14/2025,Home,Home,H7-Spot remover for carpets,Stain remover,Rocco & Roxie Oxy Stain Remover - Oxygen Powered Spot Carpet Cleaner - Professional Strength Cleaning Supplies - Pet Stains Disappear - Quickly Remove Upholstery or Laundry Stains - 32 Oz.,204.27,Rocco & Roxie Supply Co,amazon,https://www.amazon.sa/-/en/Rocco-Roxie-Oxy-Stain-Remover/dp/B00WT7JS1O/ref=sr_1_56?dib=eyJ2IjoiMSJ9.vVYHKSG5QjuFYhheD8fNyi9n6bWvUzfiaera6VN1Gg_2YJj6oMZkiZXZoDdzlwZU953lOv7YnZmtqDgFYgu0FxiGFR0CytOv8MMBdhoKYCo52cnKsxdwf1HzcC_us1BcNgBW57IbB-JQEgyU3ZJcPJ7tNXmctHQiPO7f2ZnrVjT19jlpfn_M1UCDB_jzgHo98UAl3qxpoh866X3YrarJcE0zaMgHfEaZ2OlZQrOAPWcOv64hipHliC3Acpv_lcuHO88Zs15h8fSvdPsibgoO9tlZigEhXgt6DNuWRdmnoKk.3SF6c_4j43BXD3NEOeveJJrzrai-PNsnaS0g0GaM5NI&dib_tag=se&keywords=spot+remover+for+carpets&qid=1757867441&sr=8-56,fl oz,32.0,32.0,6.3834375
9/14/2025,Home,Home,H7-Spot remover for carpets,Stain remover,Lifter-1 Carpet Stain & Spot Remover 18 oz 40463,39.95,Lifter-1,saco,https://www.saco.sa/en/Lifter-1-Carpet-Stain-&-Spot-Remover-18-oz-40463/p/000000000000001747,fl oz,18.0,18.0,2.219444444444445
9/14/2025,Home,Home,H7-Fabric freshener for furnitures,Fabric refresher,"Home-Pourri Air + Fabric Multi-Purpose Odor Freshener Spray, 11 Fl Oz, Up to 570 Uses, Fresh Air Scent, Room Deodorizer with Essential Oils, for Carpets, Couches, Bedding & Curtains",119.0,Poo-Pourri,amazon,https://www.amazon.sa/-/en/Home-Pourri-Fabric-Multi-Purpose-Freshener-Spray/dp/B09HVDQMFF/ref=sr_1_14?dib=eyJ2IjoiMSJ9.3miK9xEaFDuNCs3N_DyGPDqtcodhaA8lzeaqbn-USRAo22lHOAqlsxOOxYVvmNGAQ7Ap8gH1pVOq1CG2QSyFCmawKWOJvv-VFwLKNZDxu2jk32bTiIPc6XXQXOlp5rrM0V2Az1ePBJmi94FFSLmoN4wnVs2cdy4lCDQqBJaM8uAMbeRkdUKHuhyIEpxpjbNPyvheQGNuKfi0C9SJ7DB1eNsUh50RKmaVwNoEwMSq_jDCrl4JedoA8rM3efzHnAhfjk5HjoQuBVCS6o--YpvDcInH67R5_ZE-TcHC7jIbcx8.oFgexyltuWVksQ-EUun7cBhdgT8M-zVQYTRrseJEBRw&dib_tag=se&keywords=fabric+freshener+for+furnitures&qid=1757867803&sr=8-14,fl oz,11.0,11.0,10.818181818181818
9/14/2025,Home,Home,H7-Fabric freshener for furnitures,Fabric refresher,"Fresh Wave Lemon Odor Eliminator Spray & Air Freshener, 8 oz. | Odor Absorbers for Home | Safer Odor Relief | Natural Plant-Based Odor Eliminator | For Furniture, Fabrics & Trash",124.0,Fresh Wave,amazon,https://www.amazon.sa/-/en/Fresh-Wave-Eliminator-Freshener-Plant-Based/dp/B09SN8JFJH/ref=sr_1_18?dib=eyJ2IjoiMSJ9.3miK9xEaFDuNCs3N_DyGPDqtcodhaA8lzeaqbn-USRAo22lHOAqlsxOOxYVvmNGAQ7Ap8gH1pVOq1CG2QSyFCmawKWOJvv-VFwLKNZDxu2jk32bTiIPc6XXQXOlp5rrM0V2Az1ePBJmi94FFSLmoN4wnVs2cdy4lCDQqBJaM8uAMbeRkdUKHuhyIEpxpjbNPyvheQGNuKfi0C9SJ7DB1eNsUh50RKmaVwNoEwMSq_jDCrl4JedoA8rM3efzHnAhfjk5HjoQuBVCS6o--YpvDcInH67R5_ZE-TcHC7jIbcx8.oFgexyltuWVksQ-EUun7cBhdgT8M-zVQYTRrseJEBRw&dib_tag=se&keywords=fabric+freshener+for+furnitures&qid=1757867803&sr=8-18,fl oz,8.0,8.0,15.5
9/14/2025,Home,Home,H7-Fabric freshener for furnitures,Fabric refresher,"Poo Pourri Home Air + Fabric Multi-Purpose Odour Eliminator, Lavender + Sage Scent, 11 Fl Oz",129.0,Poo-Pourri,amazon,https://www.amazon.sa/-/en/Pourri-Fabric-Multi-Purpose-Eliminator-Lavender/dp/B09HSV6B3W/ref=sr_1_32?dib=eyJ2IjoiMSJ9.3miK9xEaFDuNCs3N_DyGPDqtcodhaA8lzeaqbn-USRAo22lHOAqlsxOOxYVvmNGAQ7Ap8gH1pVOq1CG2QSyFCmawKWOJvv-VFwLKNZDxu2jk32bTiIPc6XXQXOlp5rrM0V2Az1ePBJmi94FFSLmoN4wnVs2cdy4lCDQqBJaM8uAMbeRkdUKHuhyIEpxpjbNPyvheQGNuKfi0C9SJ7DB1eNsUh50RKmaVwNoEwMSq_jDCrl4JedoA8rM3efzHnAhfjk5HjoQuBVCS6o--YpvDcInH67R5_ZE-TcHC7jIbcx8.oFgexyltuWVksQ-EUun7cBhdgT8M-zVQYTRrseJEBRw&dib_tag=se&keywords=fabric+freshener+for+furnitures&qid=1757867803&sr=8-32,fl oz,11.0,11.0,11.727272727272728
9/14/2025,Home,Home,H7-Fabric freshener for furnitures,Fabric refresher,"Clorox Fraganzia Refresher Spray, Morning Sky Scent - Multi-Use Fabric & Linen Freshener Spray - Odor Eliminator for Home, Upholstery, Bedding, Curtains, Room, 22 Fl Oz",77.67,Clorox,amazon,https://www.amazon.sa/-/en/Clorox-Fraganzia-Refresher-Spray-Morning/dp/B09XN75ZQT/ref=sr_1_37?dib=eyJ2IjoiMSJ9.3miK9xEaFDuNCs3N_DyGPDqtcodhaA8lzeaqbn-USRAo22lHOAqlsxOOxYVvmNGAQ7Ap8gH1pVOq1CG2QSyFCmawKWOJvv-VFwLKNZDxu2jk32bTiIPc6XXQXOlp5rrM0V2Az1ePBJmi94FFSLmoN4wnVs2cdy4lCDQqBJaM8uAMbeRkdUKHuhyIEpxpjbNPyvheQGNuKfi0C9SJ7DB1eNsUh50RKmaVwNoEwMSq_jDCrl4JedoA8rM3efzHnAhfjk5HjoQuBVCS6o--YpvDcInH67R5_ZE-TcHC7jIbcx8.oFgexyltuWVksQ-EUun7cBhdgT8M-zVQYTRrseJEBRw&dib_tag=se&keywords=fabric+freshener+for+furnitures&qid=1757867803&sr=8-37,fl oz,22.0,22.0,3.5304545454545457
9/14/2025,Home,Home,H7-Fabric freshener for furnitures,Fabric refresher,"ATTITUDE Fabric Refresher for Pets, Neutralizes Odors, Plant and Mineral-Based Ingredients, Vegan and Cruelty-free, Lavender, 16 Fl Oz",108.51,Attitude,amazon,https://www.amazon.sa/-/en/Refresher-Neutralizes-Mineral-Based-Ingredients-Cruelty-free/dp/B0C4QTD2BN/ref=sr_1_54?dib=eyJ2IjoiMSJ9.3miK9xEaFDuNCs3N_DyGPDqtcodhaA8lzeaqbn-USRAo22lHOAqlsxOOxYVvmNGAQ7Ap8gH1pVOq1CG2QSyFCmawKWOJvv-VFwLKNZDxu2jk32bTiIPc6XXQXOlp5rrM0V2Az1ePBJmi94FFSLmoN4wnVs2cdy4lCDQqBJaM8uAMbeRkdUKHuhyIEpxpjbNPyvheQGNuKfi0C9SJ7DB1eNsUh50RKmaVwNoEwMSq_jDCrl4JedoA8rM3efzHnAhfjk5HjoQuBVCS6o--YpvDcInH67R5_ZE-TcHC7jIbcx8.oFgexyltuWVksQ-EUun7cBhdgT8M-zVQYTRrseJEBRw&dib_tag=se&keywords=fabric+freshener+for+furnitures&qid=1757867803&sr=8-54,fl oz,16.0,16.0,6.781875
9/14/2025,Home,Home,H7-Fabric freshener for furnitures,Fabric refresher,Loyal - Fabric & Carpet Freshener Cotton Fragrance - 500 ml,14.0,Loyal,mumzworld,https://www.mumzworld.com/sa-en/loyal-fabric-carpet-freshener-cotton-fragrance-500-ml-38743782-6253339101618?source=Search,ml,500.0,0.5,28.0
9/14/2025,Home,Home,H7-Fabric freshener for furnitures,Fabric refresher,Loyal - Fabric & Carpet Freshener Fresh Cool Fragrance - 500 ml,14.0,Loyal,mumzworld,https://www.mumzworld.com/sa-en/loyal-fabric-carpet-freshener-fresh-cool-fragrance-500-ml-38743782-6253339102455?source=Search,ml,500.0,0.5,28.0
9/14/2025,Home,Home,H7-Fabric freshener for furnitures,Fabric refresher,O'SO Alcohol-Free Eco-Friendly Air and Furniture Freshener Spray 200ml OSO-OZON,11.95,O'SO,saco,https://www.saco.sa/en/O'SO-Alcohol-Free-Eco-Friendly-Air-and-Furniture-Freshener-Spray-200ml-OSO-OZON/p/000000000000105580,ml,200.0,0.2,59.74999999999999
9/14/2025,Home,Home,H8-Surface disinfectant spray,Disinfectant and cleaner,Dettol Surface Cleanser Spray 500 ml,13.95,Dettol,amazon,https://www.amazon.sa/-/en/Dettol-Surface-Cleanser-Spray-500/dp/B000NJSXBQ/ref=sr_1_5?dib=eyJ2IjoiMSJ9.sK9Jh-wgR-ybTjWMp9zwefJEnAWQ6dRCrhu0ZlbxM7goZUQVNXFChrQW8MQwYXb8DE6N07QbjAW46ktuFnoox4ZAGYOGblryR1I8dyXFKsN46q-e7OUEeUN3IHcr3pHx6mGvE0S_MaQyfoX5j2eDl3Fuplb2RM7rHC81K3Qo4ejvZSmtAfGCC0EB13YaPaxcikzWE5h0IL9BftBoDdBvAPXD5SlFqELx4sCXyvXW8r5aaJ_VAYbh10mb3AGzofm93909a_T47TOD-gRqLP6nYgL9sNU8b6sYyfzyJW-KuMk.AhBxzfSfIcPUv_gXzanmNGHTMVzijjZBAbCSNj33YUU&dib_tag=se&keywords=surface+disinfectant+spray&qid=1757868165&sr=8-5,ml,500.0,0.5,27.9
9/14/2025,Home,Home,H8-Surface disinfectant spray,Disinfectant and cleaner,"Zoflora Disinfectant Spray, Linen Fresh, 300ml, Multipurpose Cleaner Spray, Disinfectant Room Freshener for Soft and Hard Surfaces, Kills 99.9% of Viruses and Bacteria",13.03,Zoflora,amazon,https://www.amazon.sa/-/en/Zoflora-Disinfectant-Multipurpose-Freshener-Surfaces/dp/B0D4WK6654/ref=sr_1_6?dib=eyJ2IjoiMSJ9.sK9Jh-wgR-ybTjWMp9zwefJEnAWQ6dRCrhu0ZlbxM7goZUQVNXFChrQW8MQwYXb8DE6N07QbjAW46ktuFnoox4ZAGYOGblryR1I8dyXFKsN46q-e7OUEeUN3IHcr3pHx6mGvE0S_MaQyfoX5j2eDl3Fuplb2RM7rHC81K3Qo4ejvZSmtAfGCC0EB13YaPaxcikzWE5h0IL9BftBoDdBvAPXD5SlFqELx4sCXyvXW8r5aaJ_VAYbh10mb3AGzofm93909a_T47TOD-gRqLP6nYgL9sNU8b6sYyfzyJW-KuMk.AhBxzfSfIcPUv_gXzanmNGHTMVzijjZBAbCSNj33YUU&dib_tag=se&keywords=surface+disinfectant+spray&qid=1757868165&sr=8-6,ml,300.0,0.3,43.43333333333333
9/14/2025,Home,Home,H8-Surface disinfectant spray,Disinfectant and cleaner,"Dettol Original Anti-Bacterial Surface Disinfectant Spray Bottle, 500 ml",20.0,Dettol,amazon,https://www.amazon.sa/-/en/Dettol-Original-Anti-Bacterial-Surface-Disinfectant/dp/B071VGKKNN/ref=sr_1_7?dib=eyJ2IjoiMSJ9.sK9Jh-wgR-ybTjWMp9zwefJEnAWQ6dRCrhu0ZlbxM7goZUQVNXFChrQW8MQwYXb8DE6N07QbjAW46ktuFnoox4ZAGYOGblryR1I8dyXFKsN46q-e7OUEeUN3IHcr3pHx6mGvE0S_MaQyfoX5j2eDl3Fuplb2RM7rHC81K3Qo4ejvZSmtAfGCC0EB13YaPaxcikzWE5h0IL9BftBoDdBvAPXD5SlFqELx4sCXyvXW8r5aaJ_VAYbh10mb3AGzofm93909a_T47TOD-gRqLP6nYgL9sNU8b6sYyfzyJW-KuMk.AhBxzfSfIcPUv_gXzanmNGHTMVzijjZBAbCSNj33YUU&dib_tag=se&keywords=surface+disinfectant+spray&qid=1757868165&sr=8-7,ml,500.0,0.5,40.0
9/14/2025,Home,Home,H8-Surface disinfectant spray,Disinfectant and cleaner,"Clorox Scentiva Spray, Multi-Surface Cleaner 500ml, Japanese Spring Flowers, No Bleach, Kills 99.9% of Viruses & Bacteria",18.45,Clorox,amazon,https://www.amazon.sa/-/en/Clorox-Scentiva-Multi-Surface-Japanese-Bacteria/dp/B09FKCQQR4/ref=sr_1_9?dib=eyJ2IjoiMSJ9.sK9Jh-wgR-ybTjWMp9zwefJEnAWQ6dRCrhu0ZlbxM7goZUQVNXFChrQW8MQwYXb8DE6N07QbjAW46ktuFnoox4ZAGYOGblryR1I8dyXFKsN46q-e7OUEeUN3IHcr3pHx6mGvE0S_MaQyfoX5j2eDl3Fuplb2RM7rHC81K3Qo4ejvZSmtAfGCC0EB13YaPaxcikzWE5h0IL9BftBoDdBvAPXD5SlFqELx4sCXyvXW8r5aaJ_VAYbh10mb3AGzofm93909a_T47TOD-gRqLP6nYgL9sNU8b6sYyfzyJW-KuMk.AhBxzfSfIcPUv_gXzanmNGHTMVzijjZBAbCSNj33YUU&dib_tag=se&keywords=surface+disinfectant+spray&qid=1757868165&sr=8-9,ml,500.0,0.5,36.9
9/14/2025,Home,Home,H8-Surface disinfectant spray,Disinfectant and cleaner,"Zoflora Multi-Purpose Disinfectant Spray, Antibacterial Spray for All Surfaces, Pet-Friendly, 800ml, Mountain Air",24.67,Zoflora,amazon,https://www.amazon.sa/-/en/Zoflora-Multi-Purpose-Disinfectant-Antibacterial-Pet-Friendly/dp/B07SD4JJL5/ref=sr_1_10?dib=eyJ2IjoiMSJ9.sK9Jh-wgR-ybTjWMp9zwefJEnAWQ6dRCrhu0ZlbxM7goZUQVNXFChrQW8MQwYXb8DE6N07QbjAW46ktuFnoox4ZAGYOGblryR1I8dyXFKsN46q-e7OUEeUN3IHcr3pHx6mGvE0S_MaQyfoX5j2eDl3Fuplb2RM7rHC81K3Qo4ejvZSmtAfGCC0EB13YaPaxcikzWE5h0IL9BftBoDdBvAPXD5SlFqELx4sCXyvXW8r5aaJ_VAYbh10mb3AGzofm93909a_T47TOD-gRqLP6nYgL9sNU8b6sYyfzyJW-KuMk.AhBxzfSfIcPUv_gXzanmNGHTMVzijjZBAbCSNj33YUU&dib_tag=se&keywords=surface+disinfectant+spray&qid=1757868165&sr=8-10,ml,800.0,0.8,30.8375
9/14/2025,Home,Home,H8-Surface disinfectant spray,Disinfectant and cleaner,"Clorox Scentiva Spray, Multi Surface Cleaner 500ml, Madagascar Citrus Orchard, No Bleach, Kills 99.9% of Viruses & Bacteria",18.45,Clorox,amazon,https://www.amazon.sa/-/en/Clorox-Scentiva-Surface-Madagascar-Bacteria/dp/B09FKCYRJ6/ref=sr_1_11?dib=eyJ2IjoiMSJ9.sK9Jh-wgR-ybTjWMp9zwefJEnAWQ6dRCrhu0ZlbxM7goZUQVNXFChrQW8MQwYXb8DE6N07QbjAW46ktuFnoox4ZAGYOGblryR1I8dyXFKsN46q-e7OUEeUN3IHcr3pHx6mGvE0S_MaQyfoX5j2eDl3Fuplb2RM7rHC81K3Qo4ejvZSmtAfGCC0EB13YaPaxcikzWE5h0IL9BftBoDdBvAPXD5SlFqELx4sCXyvXW8r5aaJ_VAYbh10mb3AGzofm93909a_T47TOD-gRqLP6nYgL9sNU8b6sYyfzyJW-KuMk.AhBxzfSfIcPUv_gXzanmNGHTMVzijjZBAbCSNj33YUU&dib_tag=se&keywords=surface+disinfectant+spray&qid=1757868165&sr=8-11,ml,500.0,0.5,36.9
9/14/2025,Home,Home,H8-Surface disinfectant spray,Disinfectant and cleaner,"Zoflora Multipurpose Cleaner, Linen Fresh 800ml, Kitchen and Bathroom Cleaner Disinfectant Spray, Surface and Floor Cleaner, Antibacterial, Eliminates Unpleasant Odours",24.75,Zoflora,amazon,https://www.amazon.sa/-/en/Zoflora-Multipurpose-Disinfectant-Antibacterial-Eliminates/dp/B0CWLK8GZV/ref=sr_1_12?dib=eyJ2IjoiMSJ9.sK9Jh-wgR-ybTjWMp9zwefJEnAWQ6dRCrhu0ZlbxM7goZUQVNXFChrQW8MQwYXb8DE6N07QbjAW46ktuFnoox4ZAGYOGblryR1I8dyXFKsN46q-e7OUEeUN3IHcr3pHx6mGvE0S_MaQyfoX5j2eDl3Fuplb2RM7rHC81K3Qo4ejvZSmtAfGCC0EB13YaPaxcikzWE5h0IL9BftBoDdBvAPXD5SlFqELx4sCXyvXW8r5aaJ_VAYbh10mb3AGzofm93909a_T47TOD-gRqLP6nYgL9sNU8b6sYyfzyJW-KuMk.AhBxzfSfIcPUv_gXzanmNGHTMVzijjZBAbCSNj33YUU&dib_tag=se&keywords=surface+disinfectant+spray&qid=1757868165&sr=8-12,ml,800.0,0.8,30.9375
9/14/2025,Home,Home,H8-Surface disinfectant spray,Disinfectant and cleaner,Candorax Rose Scent Surface Disinfectant Spray 750 ml,9.45,CANDORAX,amazon,https://www.amazon.sa/-/en/Candorax-Scent-Surface-Disinfectant-Spray/dp/B0FDLDX1FY/ref=sr_1_13?dib=eyJ2IjoiMSJ9.sK9Jh-wgR-ybTjWMp9zwefJEnAWQ6dRCrhu0ZlbxM7goZUQVNXFChrQW8MQwYXb8DE6N07QbjAW46ktuFnoox4ZAGYOGblryR1I8dyXFKsN46q-e7OUEeUN3IHcr3pHx6mGvE0S_MaQyfoX5j2eDl3Fuplb2RM7rHC81K3Qo4ejvZSmtAfGCC0EB13YaPaxcikzWE5h0IL9BftBoDdBvAPXD5SlFqELx4sCXyvXW8r5aaJ_VAYbh10mb3AGzofm93909a_T47TOD-gRqLP6nYgL9sNU8b6sYyfzyJW-KuMk.AhBxzfSfIcPUv_gXzanmNGHTMVzijjZBAbCSNj33YUU&dib_tag=se&keywords=surface+disinfectant+spray&qid=1757868165&sr=8-13,ml,750.0,0.75,12.6
9/14/2025,Home,Home,H8-Surface disinfectant spray,Disinfectant and cleaner,"Zoflora Multipurpose Cleaner, Midnight Blooms 800ml, Kitchen and Bathroom Cleaner Disinfectant Spray, Surface and Floor Cleaner, Antibacterial, Eliminates Unpleasant Odours",24.75,Zoflora,amazon,https://www.amazon.sa/-/en/Zoflora-Multipurpose-Disinfectant-Antibacterial-Eliminates/dp/B0CY4QZB6H/ref=sr_1_14?dib=eyJ2IjoiMSJ9.sK9Jh-wgR-ybTjWMp9zwefJEnAWQ6dRCrhu0ZlbxM7goZUQVNXFChrQW8MQwYXb8DE6N07QbjAW46ktuFnoox4ZAGYOGblryR1I8dyXFKsN46q-e7OUEeUN3IHcr3pHx6mGvE0S_MaQyfoX5j2eDl3Fuplb2RM7rHC81K3Qo4ejvZSmtAfGCC0EB13YaPaxcikzWE5h0IL9BftBoDdBvAPXD5SlFqELx4sCXyvXW8r5aaJ_VAYbh10mb3AGzofm93909a_T47TOD-gRqLP6nYgL9sNU8b6sYyfzyJW-KuMk.AhBxzfSfIcPUv_gXzanmNGHTMVzijjZBAbCSNj33YUU&dib_tag=se&keywords=surface+disinfectant+spray&qid=1757868165&sr=8-14,ml,800.0,0.8,30.9375
9/14/2025,Home,Home,H8-Surface disinfectant spray,Disinfectant and cleaner,"Green Clean Multi-Purpose Disinfectant Spray – Lemon Scent – Tough on Dirt, Safe on Surfaces – 500ml - (BY Al Emlaq)",10.95,Green Clean,amazon,https://www.amazon.sa/-/en/Green-Clean-Multi-Purpose-Disinfectant-Spray/dp/B0DCW5GN1Y/ref=sr_1_16?dib=eyJ2IjoiMSJ9.sK9Jh-wgR-ybTjWMp9zwefJEnAWQ6dRCrhu0ZlbxM7goZUQVNXFChrQW8MQwYXb8DE6N07QbjAW46ktuFnoox4ZAGYOGblryR1I8dyXFKsN46q-e7OUEeUN3IHcr3pHx6mGvE0S_MaQyfoX5j2eDl3Fuplb2RM7rHC81K3Qo4ejvZSmtAfGCC0EB13YaPaxcikzWE5h0IL9BftBoDdBvAPXD5SlFqELx4sCXyvXW8r5aaJ_VAYbh10mb3AGzofm93909a_T47TOD-gRqLP6nYgL9sNU8b6sYyfzyJW-KuMk.AhBxzfSfIcPUv_gXzanmNGHTMVzijjZBAbCSNj33YUU&dib_tag=se&keywords=surface+disinfectant+spray&qid=1757868165&sr=8-16,ml,500.0,0.5,21.9
9/14/2025,Home,Home,H8-Surface disinfectant spray,Disinfectant and cleaner,"Dettol Antibacterial All in One Disinfectant Spray Effective Germ Protection & Personal Hygiene, Kills 99.9% of Bacteria & Viruses, Crisp Breeze Fragrance, 450ml",32.59,Dettol,amazon,https://www.amazon.sa/-/en/Dettol-Antibacterial-Disinfectant-Effective-Protection/dp/B0719BDJJ4/ref=sr_1_19?dib=eyJ2IjoiMSJ9.sK9Jh-wgR-ybTjWMp9zwefJEnAWQ6dRCrhu0ZlbxM7goZUQVNXFChrQW8MQwYXb8DE6N07QbjAW46ktuFnoox4ZAGYOGblryR1I8dyXFKsN46q-e7OUEeUN3IHcr3pHx6mGvE0S_MaQyfoX5j2eDl3Fuplb2RM7rHC81K3Qo4ejvZSmtAfGCC0EB13YaPaxcikzWE5h0IL9BftBoDdBvAPXD5SlFqELx4sCXyvXW8r5aaJ_VAYbh10mb3AGzofm93909a_T47TOD-gRqLP6nYgL9sNU8b6sYyfzyJW-KuMk.AhBxzfSfIcPUv_gXzanmNGHTMVzijjZBAbCSNj33YUU&dib_tag=se&keywords=surface+disinfectant+spray&qid=1757868165&sr=8-19,ml,450.0,0.45,72.42222222222223
9/14/2025,Home,Home,H8-Surface disinfectant spray,Disinfectant and cleaner,"Zoflora Multi-Purpose Disinfectant Spray, Antibacterial Spray for All Surfaces, 800ml, Lemon Zing",24.75,Zoflora,amazon,https://www.amazon.sa/-/en/Zoflora-Multi-Purpose-Disinfectant-Antibacterial-Surfaces/dp/B00KTZW8WE/ref=sr_1_20?dib=eyJ2IjoiMSJ9.sK9Jh-wgR-ybTjWMp9zwefJEnAWQ6dRCrhu0ZlbxM7goZUQVNXFChrQW8MQwYXb8DE6N07QbjAW46ktuFnoox4ZAGYOGblryR1I8dyXFKsN46q-e7OUEeUN3IHcr3pHx6mGvE0S_MaQyfoX5j2eDl3Fuplb2RM7rHC81K3Qo4ejvZSmtAfGCC0EB13YaPaxcikzWE5h0IL9BftBoDdBvAPXD5SlFqELx4sCXyvXW8r5aaJ_VAYbh10mb3AGzofm93909a_T47TOD-gRqLP6nYgL9sNU8b6sYyfzyJW-KuMk.AhBxzfSfIcPUv_gXzanmNGHTMVzijjZBAbCSNj33YUU&dib_tag=se&keywords=surface+disinfectant+spray&qid=1757868165&sr=8-20,ml,800.0,0.8,30.9375
9/14/2025,Home,Home,H8-Surface disinfectant spray,Disinfectant and cleaner,"Dettol Multi-Purpose Disinfectant Spray, Morning Dew Scent, 450ml",13.03,Dettol,amazon,https://www.amazon.sa/-/en/Dettol-Multi-Purpose-Disinfectant-Spray-Morning/dp/B0711KBYR4/ref=sr_1_25?dib=eyJ2IjoiMSJ9.sK9Jh-wgR-ybTjWMp9zwefJEnAWQ6dRCrhu0ZlbxM7goZUQVNXFChrQW8MQwYXb8DE6N07QbjAW46ktuFnoox4ZAGYOGblryR1I8dyXFKsN46q-e7OUEeUN3IHcr3pHx6mGvE0S_MaQyfoX5j2eDl3Fuplb2RM7rHC81K3Qo4ejvZSmtAfGCC0EB13YaPaxcikzWE5h0IL9BftBoDdBvAPXD5SlFqELx4sCXyvXW8r5aaJ_VAYbh10mb3AGzofm93909a_T47TOD-gRqLP6nYgL9sNU8b6sYyfzyJW-KuMk.AhBxzfSfIcPUv_gXzanmNGHTMVzijjZBAbCSNj33YUU&dib_tag=se&keywords=surface+disinfectant+spray&qid=1757868165&sr=8-25,ml,450.0,0.45,28.955555555555552
9/14/2025,Home,Home,H8-Surface disinfectant spray,Disinfectant and cleaner,"Zoflora Concentrated Disinfectant, Lavender 500ml, Floor Cleaner, Kitchen and Bathroom Cleaner, And Multi-purpose Surface Disinfectant",12.0,Zoflora,amazon,https://www.amazon.sa/-/en/Zoflora-Concentrated-Disinfectant-Lavender-Multi-purpose/dp/B0D6NDFD7C/ref=sr_1_26?dib=eyJ2IjoiMSJ9.sK9Jh-wgR-ybTjWMp9zwefJEnAWQ6dRCrhu0ZlbxM7goZUQVNXFChrQW8MQwYXb8DE6N07QbjAW46ktuFnoox4ZAGYOGblryR1I8dyXFKsN46q-e7OUEeUN3IHcr3pHx6mGvE0S_MaQyfoX5j2eDl3Fuplb2RM7rHC81K3Qo4ejvZSmtAfGCC0EB13YaPaxcikzWE5h0IL9BftBoDdBvAPXD5SlFqELx4sCXyvXW8r5aaJ_VAYbh10mb3AGzofm93909a_T47TOD-gRqLP6nYgL9sNU8b6sYyfzyJW-KuMk.AhBxzfSfIcPUv_gXzanmNGHTMVzijjZBAbCSNj33YUU&dib_tag=se&keywords=surface+disinfectant+spray&qid=1757868165&sr=8-26,ml,500.0,0.5,24.0
9/14/2025,Home,Home,H8-Surface disinfectant spray,Disinfectant and cleaner,Green Clean Multi-Purpose Bathroom Cleaner Disinfectant Spray – Removes Soap Residue & Restores Bathroom Freshness – 500ml - (BY Al Emlaq),10.42,Green Clean,amazon,https://www.amazon.sa/-/en/Green-Clean-Multi-Purpose-Bathroom-Disinfectant/dp/B0DCW3BY6N/ref=sr_1_27?dib=eyJ2IjoiMSJ9.sK9Jh-wgR-ybTjWMp9zwefJEnAWQ6dRCrhu0ZlbxM7goZUQVNXFChrQW8MQwYXb8DE6N07QbjAW46ktuFnoox4ZAGYOGblryR1I8dyXFKsN46q-e7OUEeUN3IHcr3pHx6mGvE0S_MaQyfoX5j2eDl3Fuplb2RM7rHC81K3Qo4ejvZSmtAfGCC0EB13YaPaxcikzWE5h0IL9BftBoDdBvAPXD5SlFqELx4sCXyvXW8r5aaJ_VAYbh10mb3AGzofm93909a_T47TOD-gRqLP6nYgL9sNU8b6sYyfzyJW-KuMk.AhBxzfSfIcPUv_gXzanmNGHTMVzijjZBAbCSNj33YUU&dib_tag=se&keywords=surface+disinfectant+spray&qid=1757868165&sr=8-27,ml,500.0,0.5,20.84
9/14/2025,Home,Home,H8-Surface disinfectant spray,Disinfectant and cleaner,"Lysol Disinfectant Spray To Go, Crisp Linen, 1 Ounce",19.75,Lysol,amazon,https://www.amazon.sa/-/en/Lysol-Disinfectant-Spray-Crisp-Linen/dp/B004Z45W9G/ref=sr_1_28?dib=eyJ2IjoiMSJ9.sK9Jh-wgR-ybTjWMp9zwefJEnAWQ6dRCrhu0ZlbxM7goZUQVNXFChrQW8MQwYXb8DE6N07QbjAW46ktuFnoox4ZAGYOGblryR1I8dyXFKsN46q-e7OUEeUN3IHcr3pHx6mGvE0S_MaQyfoX5j2eDl3Fuplb2RM7rHC81K3Qo4ejvZSmtAfGCC0EB13YaPaxcikzWE5h0IL9BftBoDdBvAPXD5SlFqELx4sCXyvXW8r5aaJ_VAYbh10mb3AGzofm93909a_T47TOD-gRqLP6nYgL9sNU8b6sYyfzyJW-KuMk.AhBxzfSfIcPUv_gXzanmNGHTMVzijjZBAbCSNj33YUU&dib_tag=se&keywords=surface+disinfectant+spray&qid=1757868165&sr=8-28,fl oz,1.0,1.0,19.75
9/14/2025,Home,Home,H8-Surface disinfectant spray,Disinfectant and cleaner,Pure & Clean Antibacterial Surface Cleaning Spray- 300ml,18.99,Pure & Clean,amazon,https://www.amazon.sa/-/en/Pure-Clean-Antibacterial-Surface-Cleaning/dp/B08B3YRQ7R/ref=sr_1_29?dib=eyJ2IjoiMSJ9.sK9Jh-wgR-ybTjWMp9zwefJEnAWQ6dRCrhu0ZlbxM7goZUQVNXFChrQW8MQwYXb8DE6N07QbjAW46ktuFnoox4ZAGYOGblryR1I8dyXFKsN46q-e7OUEeUN3IHcr3pHx6mGvE0S_MaQyfoX5j2eDl3Fuplb2RM7rHC81K3Qo4ejvZSmtAfGCC0EB13YaPaxcikzWE5h0IL9BftBoDdBvAPXD5SlFqELx4sCXyvXW8r5aaJ_VAYbh10mb3AGzofm93909a_T47TOD-gRqLP6nYgL9sNU8b6sYyfzyJW-KuMk.AhBxzfSfIcPUv_gXzanmNGHTMVzijjZBAbCSNj33YUU&dib_tag=se&keywords=surface+disinfectant+spray&qid=1757868165&sr=8-29,ml,300.0,0.3,63.3
9/14/2025,Home,Home,H8-Surface disinfectant spray,Disinfectant and cleaner,Lysol Disinfectant Spray CRISP LINEN SCENT - 562ml,59.75,Lysol,amazon,https://www.amazon.sa/-/en/Lysol-Disinfectant-Spray-CRISP-LINEN/dp/B00KO8GOQC/ref=sr_1_30?dib=eyJ2IjoiMSJ9.sK9Jh-wgR-ybTjWMp9zwefJEnAWQ6dRCrhu0ZlbxM7goZUQVNXFChrQW8MQwYXb8DE6N07QbjAW46ktuFnoox4ZAGYOGblryR1I8dyXFKsN46q-e7OUEeUN3IHcr3pHx6mGvE0S_MaQyfoX5j2eDl3Fuplb2RM7rHC81K3Qo4ejvZSmtAfGCC0EB13YaPaxcikzWE5h0IL9BftBoDdBvAPXD5SlFqELx4sCXyvXW8r5aaJ_VAYbh10mb3AGzofm93909a_T47TOD-gRqLP6nYgL9sNU8b6sYyfzyJW-KuMk.AhBxzfSfIcPUv_gXzanmNGHTMVzijjZBAbCSNj33YUU&dib_tag=se&keywords=surface+disinfectant+spray&qid=1757868165&sr=8-30,ml,562.0,0.562,106.31672597864768
9/14/2025,Home,Home,H8-Surface disinfectant spray,Disinfectant and cleaner,"Green Clean Kitchen Disinfectant Spray – Food-Safe Formula, Fragrance & Dye-Free – Safe on Cutting Boards, Countertops & High-Contact Surfaces – 500ml - (BY Al Emlaq)",10.95,Green Clean,amazon,https://www.amazon.sa/-/en/Green-Clean-Kitchen-Disinfectant-Spray/dp/B0DCW2RMCJ/ref=sr_1_31?dib=eyJ2IjoiMSJ9.sK9Jh-wgR-ybTjWMp9zwefJEnAWQ6dRCrhu0ZlbxM7goZUQVNXFChrQW8MQwYXb8DE6N07QbjAW46ktuFnoox4ZAGYOGblryR1I8dyXFKsN46q-e7OUEeUN3IHcr3pHx6mGvE0S_MaQyfoX5j2eDl3Fuplb2RM7rHC81K3Qo4ejvZSmtAfGCC0EB13YaPaxcikzWE5h0IL9BftBoDdBvAPXD5SlFqELx4sCXyvXW8r5aaJ_VAYbh10mb3AGzofm93909a_T47TOD-gRqLP6nYgL9sNU8b6sYyfzyJW-KuMk.AhBxzfSfIcPUv_gXzanmNGHTMVzijjZBAbCSNj33YUU&dib_tag=se&keywords=surface+disinfectant+spray&qid=1757868165&sr=8-31,ml,500.0,0.5,21.9
9/14/2025,Home,Home,H8-Surface disinfectant spray,Disinfectant and cleaner,"Zoflora Multipurpose Cleaner, Winter Spice 800ml, Kitchen and Bathroom Cleaner Disinfectant Spray, Surface and Floor Cleaner, Antibacterial, Eliminates Unpleasant Odours",24.67,Zoflora,amazon,https://www.amazon.sa/-/en/Zoflora-Multipurpose-Disinfectant-Antibacterial-Eliminates/dp/B07SD487WM/ref=sr_1_35?dib=eyJ2IjoiMSJ9.sK9Jh-wgR-ybTjWMp9zwefJEnAWQ6dRCrhu0ZlbxM7goZUQVNXFChrQW8MQwYXb8DE6N07QbjAW46ktuFnoox4ZAGYOGblryR1I8dyXFKsN46q-e7OUEeUN3IHcr3pHx6mGvE0S_MaQyfoX5j2eDl3Fuplb2RM7rHC81K3Qo4ejvZSmtAfGCC0EB13YaPaxcikzWE5h0IL9BftBoDdBvAPXD5SlFqELx4sCXyvXW8r5aaJ_VAYbh10mb3AGzofm93909a_T47TOD-gRqLP6nYgL9sNU8b6sYyfzyJW-KuMk.AhBxzfSfIcPUv_gXzanmNGHTMVzijjZBAbCSNj33YUU&dib_tag=se&keywords=surface+disinfectant+spray&qid=1757868165&sr=8-35,ml,800.0,0.8,30.8375
9/14/2025,Home,Home,H8-Surface disinfectant spray,Disinfectant and cleaner,"Zoflora Floral Breeze Concentrated Multipurpose Disinfectant Liquid, Antibacterial Surfaces Cleaner, Kills 99.9 Percent of Bacteria and Viruses, 250ml",6.95,Zoflora,amazon,https://www.amazon.sa/-/en/Zoflora-Concentrated-Multipurpose-Disinfectant-Antibacterial/dp/B07SF581JD/ref=sr_1_37?dib=eyJ2IjoiMSJ9.sK9Jh-wgR-ybTjWMp9zwefJEnAWQ6dRCrhu0ZlbxM7goZUQVNXFChrQW8MQwYXb8DE6N07QbjAW46ktuFnoox4ZAGYOGblryR1I8dyXFKsN46q-e7OUEeUN3IHcr3pHx6mGvE0S_MaQyfoX5j2eDl3Fuplb2RM7rHC81K3Qo4ejvZSmtAfGCC0EB13YaPaxcikzWE5h0IL9BftBoDdBvAPXD5SlFqELx4sCXyvXW8r5aaJ_VAYbh10mb3AGzofm93909a_T47TOD-gRqLP6nYgL9sNU8b6sYyfzyJW-KuMk.AhBxzfSfIcPUv_gXzanmNGHTMVzijjZBAbCSNj33YUU&dib_tag=se&keywords=surface+disinfectant+spray&qid=1757868165&sr=8-37,ml,250.0,0.25,27.8
9/14/2025,Home,Home,H8-Surface disinfectant spray,Disinfectant and cleaner,"Smac Disinfectant, 650 Ml",16.95,Smac,amazon,https://www.amazon.sa/-/en/Smac-BLT-018-0-Disinfectant-650-Ml/dp/B07P67NNX6/ref=sr_1_38?dib=eyJ2IjoiMSJ9.sK9Jh-wgR-ybTjWMp9zwefJEnAWQ6dRCrhu0ZlbxM7goZUQVNXFChrQW8MQwYXb8DE6N07QbjAW46ktuFnoox4ZAGYOGblryR1I8dyXFKsN46q-e7OUEeUN3IHcr3pHx6mGvE0S_MaQyfoX5j2eDl3Fuplb2RM7rHC81K3Qo4ejvZSmtAfGCC0EB13YaPaxcikzWE5h0IL9BftBoDdBvAPXD5SlFqELx4sCXyvXW8r5aaJ_VAYbh10mb3AGzofm93909a_T47TOD-gRqLP6nYgL9sNU8b6sYyfzyJW-KuMk.AhBxzfSfIcPUv_gXzanmNGHTMVzijjZBAbCSNj33YUU&dib_tag=se&keywords=surface+disinfectant+spray&qid=1757868165&sr=8-38,ml,650.0,0.65,26.07692307692308
9/14/2025,Home,Home,H8-Surface disinfectant spray,Disinfectant and cleaner,"Lysol Disinfectant Spray, Sanitizing and Antibacterial Spray, For Disinfecting and Deodorizing, Early Morning Breeze, 1 Count, 12.5 fl oz each, Packaging may vary",49.95,Lysol,amazon,https://www.amazon.sa/-/en/Lysol-Disinfectant-Antibacterial-Disinfecting-Deodorizing/dp/B007W9CL6S/ref=sr_1_43?dib=eyJ2IjoiMSJ9.sK9Jh-wgR-ybTjWMp9zwefJEnAWQ6dRCrhu0ZlbxM7goZUQVNXFChrQW8MQwYXb8DE6N07QbjAW46ktuFnoox4ZAGYOGblryR1I8dyXFKsN46q-e7OUEeUN3IHcr3pHx6mGvE0S_MaQyfoX5j2eDl3Fuplb2RM7rHC81K3Qo4ejvZSmtAfGCC0EB13YaPaxcikzWE5h0IL9BftBoDdBvAPXD5SlFqELx4sCXyvXW8r5aaJ_VAYbh10mb3AGzofm93909a_T47TOD-gRqLP6nYgL9sNU8b6sYyfzyJW-KuMk.AhBxzfSfIcPUv_gXzanmNGHTMVzijjZBAbCSNj33YUU&dib_tag=se&keywords=surface+disinfectant+spray&qid=1757868165&sr=8-43,fl oz,12.5,12.5,3.996
9/14/2025,Home,Home,H8-Surface disinfectant spray,Disinfectant and cleaner,"Zoflora Concentrated Disinfectant - Linen Fresh, 500 ml | Kills 99.9% of Germs | 24-Hour Fragrance | Antibacterial | Multipurpose Cleaner for Home, Kitchen & Bathroom",15.95,Zoflora,amazon,https://www.amazon.sa/-/en/Zoflora-Concentrated-Disinfectant-Antibacterial-Multipurpose/dp/B009SKQ11U/ref=sr_1_45?dib=eyJ2IjoiMSJ9.sK9Jh-wgR-ybTjWMp9zwefJEnAWQ6dRCrhu0ZlbxM7goZUQVNXFChrQW8MQwYXb8DE6N07QbjAW46ktuFnoox4ZAGYOGblryR1I8dyXFKsN46q-e7OUEeUN3IHcr3pHx6mGvE0S_MaQyfoX5j2eDl3Fuplb2RM7rHC81K3Qo4ejvZSmtAfGCC0EB13YaPaxcikzWE5h0IL9BftBoDdBvAPXD5SlFqELx4sCXyvXW8r5aaJ_VAYbh10mb3AGzofm93909a_T47TOD-gRqLP6nYgL9sNU8b6sYyfzyJW-KuMk.AhBxzfSfIcPUv_gXzanmNGHTMVzijjZBAbCSNj33YUU&dib_tag=se&keywords=surface+disinfectant+spray&qid=1757868165&sr=8-45,ml,500.0,0.5,31.9
9/14/2025,Home,Home,H8-Surface disinfectant spray,Disinfectant and cleaner,"Zoflora, Multipurpose Concentrated Disinfectant, Bluebell Woods, 500Ml",15.95,Zoflora,amazon,https://www.amazon.sa/-/en/Zoflora-Multipurpose-Concentrated-Disinfectant-Bluebell/dp/B07SCXTHZC/ref=sr_1_46?dib=eyJ2IjoiMSJ9.sK9Jh-wgR-ybTjWMp9zwefJEnAWQ6dRCrhu0ZlbxM7goZUQVNXFChrQW8MQwYXb8DE6N07QbjAW46ktuFnoox4ZAGYOGblryR1I8dyXFKsN46q-e7OUEeUN3IHcr3pHx6mGvE0S_MaQyfoX5j2eDl3Fuplb2RM7rHC81K3Qo4ejvZSmtAfGCC0EB13YaPaxcikzWE5h0IL9BftBoDdBvAPXD5SlFqELx4sCXyvXW8r5aaJ_VAYbh10mb3AGzofm93909a_T47TOD-gRqLP6nYgL9sNU8b6sYyfzyJW-KuMk.AhBxzfSfIcPUv_gXzanmNGHTMVzijjZBAbCSNj33YUU&dib_tag=se&keywords=surface+disinfectant+spray&qid=1757868165&sr=8-46,ml,500.0,0.5,31.9
9/14/2025,Home,Home,H8-Surface disinfectant spray,Disinfectant and cleaner,Zoflora-Multi-purpose Concentrated Disinfectant All Surface Cleaner-Floor Cleaner-Effective against bacteria & Viruses-Long Lasting Lemon Zing Fragrance-Eliminates Odour-All Day Fresh-500ml,15.95,Zoflora,amazon,https://www.amazon.sa/-/en/Zoflora-Multi-purpose-Concentrated-Cleaner-Floor-Cleaner-Effective-Fragrance-Eliminates/dp/B07SDP6G4W/ref=sr_1_48?dib=eyJ2IjoiMSJ9.sK9Jh-wgR-ybTjWMp9zwefJEnAWQ6dRCrhu0ZlbxM7goZUQVNXFChrQW8MQwYXb8DE6N07QbjAW46ktuFnoox4ZAGYOGblryR1I8dyXFKsN46q-e7OUEeUN3IHcr3pHx6mGvE0S_MaQyfoX5j2eDl3Fuplb2RM7rHC81K3Qo4ejvZSmtAfGCC0EB13YaPaxcikzWE5h0IL9BftBoDdBvAPXD5SlFqELx4sCXyvXW8r5aaJ_VAYbh10mb3AGzofm93909a_T47TOD-gRqLP6nYgL9sNU8b6sYyfzyJW-KuMk.AhBxzfSfIcPUv_gXzanmNGHTMVzijjZBAbCSNj33YUU&dib_tag=se&keywords=surface+disinfectant+spray&qid=1757868165&sr=8-48,ml,500.0,0.5,31.9
9/14/2025,Home,Home,H8-Surface disinfectant spray,Disinfectant and cleaner,Lysol 12.5 oz. Disinfectant Spray Lemon Breeze,69.0,Lysol,amazon,https://www.amazon.sa/-/en/Lysol-Disinfectant-Spray-Lemon-Breeze/dp/B00AIQOSMM/ref=sr_1_49?dib=eyJ2IjoiMSJ9.sK9Jh-wgR-ybTjWMp9zwefJEnAWQ6dRCrhu0ZlbxM7goZUQVNXFChrQW8MQwYXb8DE6N07QbjAW46ktuFnoox4ZAGYOGblryR1I8dyXFKsN46q-e7OUEeUN3IHcr3pHx6mGvE0S_MaQyfoX5j2eDl3Fuplb2RM7rHC81K3Qo4ejvZSmtAfGCC0EB13YaPaxcikzWE5h0IL9BftBoDdBvAPXD5SlFqELx4sCXyvXW8r5aaJ_VAYbh10mb3AGzofm93909a_T47TOD-gRqLP6nYgL9sNU8b6sYyfzyJW-KuMk.AhBxzfSfIcPUv_gXzanmNGHTMVzijjZBAbCSNj33YUU&dib_tag=se&keywords=surface+disinfectant+spray&qid=1757868165&sr=8-49,fl oz,12.5,12.5,5.52
9/14/2025,Home,Home,H8-Surface disinfectant spray,Disinfectant and cleaner,"Bioneat Organic All Purpose Clean and Disinfect - 100% Natural, Non-Toxic - Antivirus, Biodegradable and Safe - 750 ml",60.85,Bioneat,amazon,https://www.amazon.sa/-/en/Bioneat-Organic-Purpose-Clean-Disinfect/dp/B0BS9BFJZV/ref=sr_1_51?dib=eyJ2IjoiMSJ9.sK9Jh-wgR-ybTjWMp9zwefJEnAWQ6dRCrhu0ZlbxM7goZUQVNXFChrQW8MQwYXb8DE6N07QbjAW46ktuFnoox4ZAGYOGblryR1I8dyXFKsN46q-e7OUEeUN3IHcr3pHx6mGvE0S_MaQyfoX5j2eDl3Fuplb2RM7rHC81K3Qo4ejvZSmtAfGCC0EB13YaPaxcikzWE5h0IL9BftBoDdBvAPXD5SlFqELx4sCXyvXW8r5aaJ_VAYbh10mb3AGzofm93909a_T47TOD-gRqLP6nYgL9sNU8b6sYyfzyJW-KuMk.AhBxzfSfIcPUv_gXzanmNGHTMVzijjZBAbCSNj33YUU&dib_tag=se&keywords=surface+disinfectant+spray&qid=1757868165&sr=8-51,ml,750.0,0.75,81.13333333333334
9/14/2025,Home,Home,H8-Surface disinfectant spray,Disinfectant and cleaner,"Zoflora, Multi-Use Disinfectant Spray, Midnight Flowers, Antibacterial for All Surfaces, 300ml (Pack of 2)",26.06,Zoflora,amazon,https://www.amazon.sa/-/en/Zoflora-Multi-Use-Disinfectant-Midnight-Antibacterial/dp/B0F6YQS4GZ/ref=sr_1_55?dib=eyJ2IjoiMSJ9.sK9Jh-wgR-ybTjWMp9zwefJEnAWQ6dRCrhu0ZlbxM7goZUQVNXFChrQW8MQwYXb8DE6N07QbjAW46ktuFnoox4ZAGYOGblryR1I8dyXFKsN46q-e7OUEeUN3IHcr3pHx6mGvE0S_MaQyfoX5j2eDl3Fuplb2RM7rHC81K3Qo4ejvZSmtAfGCC0EB13YaPaxcikzWE5h0IL9BftBoDdBvAPXD5SlFqELx4sCXyvXW8r5aaJ_VAYbh10mb3AGzofm93909a_T47TOD-gRqLP6nYgL9sNU8b6sYyfzyJW-KuMk.AhBxzfSfIcPUv_gXzanmNGHTMVzijjZBAbCSNj33YUU&dib_tag=se&keywords=surface+disinfectant+spray&qid=1757868165&sr=8-55,ml,600.0,0.6,43.43333333333333
9/14/2025,Home,Home,H8-Surface disinfectant spray,Disinfectant and cleaner,"Dettol Antibacterial All in One Disinfectant Spray Effective Germ Protection & Personal Hygiene, Kills 99.9% of Bacteria & Viruses, Lavender Fragrance, 450ml",32.59,Dettol,amazon,https://www.amazon.sa/-/en/Dettol-Antibacterial-Disinfectant-Effective-Protection/dp/B07MTVDHF8/ref=sr_1_56?dib=eyJ2IjoiMSJ9.sK9Jh-wgR-ybTjWMp9zwefJEnAWQ6dRCrhu0ZlbxM7goZUQVNXFChrQW8MQwYXb8DE6N07QbjAW46ktuFnoox4ZAGYOGblryR1I8dyXFKsN46q-e7OUEeUN3IHcr3pHx6mGvE0S_MaQyfoX5j2eDl3Fuplb2RM7rHC81K3Qo4ejvZSmtAfGCC0EB13YaPaxcikzWE5h0IL9BftBoDdBvAPXD5SlFqELx4sCXyvXW8r5aaJ_VAYbh10mb3AGzofm93909a_T47TOD-gRqLP6nYgL9sNU8b6sYyfzyJW-KuMk.AhBxzfSfIcPUv_gXzanmNGHTMVzijjZBAbCSNj33YUU&dib_tag=se&keywords=surface+disinfectant+spray&qid=1757868165&sr=8-56,ml,450.0,0.45,72.42222222222223
9/14/2025,Home,Home,H8-Surface disinfectant spray,Disinfectant and cleaner,VCare - Surface Disinfectant Cleaner - 750ml,25.0,VCare,mumzworld,https://www.mumzworld.com/sa-en/vcare-surface-disinfectant-cleaner-750ml?source=Search,ml,750.0,0.75,33.333333333333336
9/14/2025,Home,Home,H8-Surface disinfectant spray,Disinfectant and cleaner,VCare - Antibacterial Multipurpose Spray 750ml - Pack of 2,42.0,VCare,mumzworld,https://www.mumzworld.com/sa-en/v-care-antibacterial-multipurpose-spray-750ml-pack-of-2?source=Search,ml,1500.0,1.5,28.0
9/14/2025,Home,Home,H8-Surface disinfectant spray,Disinfectant and cleaner,Method - Anti-Bac APC Surface Cleaner Wild Rhubarb 828ml,34.0,Method,mumzworld,https://www.mumzworld.com/sa-en/method-anti-bac-apc-surface-cleaner-wild-rhubarb-828ml?source=Search,ml,828.0,0.828,41.06280193236715
9/14/2025,Home,Home,H8-Surface disinfectant spray,Disinfectant and cleaner,VCare - Antibacterial Multipurpose Spray 750ml - Pack of 6,99.0,VCare,mumzworld,https://www.mumzworld.com/sa-en/v-care-antibacterial-multipurpose-spray-750ml-pack-of-6?source=Search,ml,4500.0,4.5,22.0
9/14/2025,Home,Home,H8-Surface disinfectant spray,Disinfectant and cleaner,Lysol Early Morning Breeze Scent Multi-Surface Disinfectant Spray 354g,49.95,Lysol,saco,https://www.saco.sa/en/Lysol-Early-Morning-Breeze-Scent-Multi-Surface-Disinfectant-Spray-354g/p/000000000000919647,g,354.0,354.0,0.1411016949152542
9/14/2025,Home,Home,H8-Surface disinfectant spray,Disinfectant and cleaner,Clorox Regular Kitchen Cleaner and Disinfectant Spray 750ml,20.95,Brand not found,saco,https://www.saco.sa/en/Clorox-Regular-Kitchen-Cleaner-and-Disinfectant-Spray-750ml/p/000000000000073007,ml,750.0,0.75,27.933333333333334
9/14/2025,Home,Home,H9-Stain remover on the go,Stain remover,Dr. Beckmann Stain Remover - 500 ml,24.25,Dr. Beckmann,amazon,https://www.amazon.sa/-/en/Dr-Beckmann-Stain-Remover-500/dp/B071GNP5M8/ref=sr_1_34?dib=eyJ2IjoiMSJ9.zyUEsEGoSnHnmiKlh6FF3ekA6AnzKdl1JYF0x1BPnKmdYsqqqTy52GhTGofgIRzzSFWfYGhBNBlii2qhdKbJngSmn0eTjCOBcgP3-ryebwMF1BkMzO-S26uqHE-LihTV_Z-6MeuyU2js15_1jq13m8R9x84sK2jaXMm22kVj5sWNSdLGS3pX7GIHo8-TnQFm1CkHvVuK-O4yo8YfMXsLiMCF5aCBFuWNJNieluSC7EOYRMlfsPDbPdyV8BqUc3MArEs4kXIKHoydhikcCGf7yyXPD1q_8c9TdvyhAb4wcPA.3r83zftpQGyfgHpJp1ncTpR32pC4IJVXGcdCMs6uzss&dib_tag=se&keywords=stain+remover+on+the+go&qid=1757869768&sr=8-34,ml,500.0,0.5,48.5
9/14/2025,Home,Home,H9-Stain remover on the go,Stain remover,"Stardrops The Pink Stuff The Miracle Foaming Carpet&Upholstery Stain Remover, 500ml",23.76,THE PINK STUFF,amazon,https://www.amazon.sa/-/en/Stardrops-Miracle-Foaming-Upholstery-Remover/dp/B0CR6YH5DY/ref=sr_1_39?dib=eyJ2IjoiMSJ9.zyUEsEGoSnHnmiKlh6FF3ekA6AnzKdl1JYF0x1BPnKmdYsqqqTy52GhTGofgIRzzSFWfYGhBNBlii2qhdKbJngSmn0eTjCOBcgP3-ryebwMF1BkMzO-S26uqHE-LihTV_Z-6MeuyU2js15_1jq13m8R9x84sK2jaXMm22kVj5sWNSdLGS3pX7GIHo8-TnQFm1CkHvVuK-O4yo8YfMXsLiMCF5aCBFuWNJNieluSC7EOYRMlfsPDbPdyV8BqUc3MArEs4kXIKHoydhikcCGf7yyXPD1q_8c9TdvyhAb4wcPA.3r83zftpQGyfgHpJp1ncTpR32pC4IJVXGcdCMs6uzss&dib_tag=se&keywords=stain+remover+on+the+go&qid=1757869768&sr=8-39,ml,500.0,0.5,47.52
9/14/2025,Home,Home,H9-Stain remover on the go,Stain remover,Dr. Beckmann Oxi power Stain Remover Spray|Removes 100+ Stains|For colors & Textiles|Lifts & Removes Tough Stains/Dirt from Cloths/Garments|Home & Laundry Cleaning Essentials|-500ml,24.25,Dr. Beckmann,amazon,https://www.amazon.sa/-/en/Dr-Beckmann-Textiles-Garments-Essentials/dp/B09N3DC8MB/ref=sr_1_40?dib=eyJ2IjoiMSJ9.zyUEsEGoSnHnmiKlh6FF3ekA6AnzKdl1JYF0x1BPnKmdYsqqqTy52GhTGofgIRzzSFWfYGhBNBlii2qhdKbJngSmn0eTjCOBcgP3-ryebwMF1BkMzO-S26uqHE-LihTV_Z-6MeuyU2js15_1jq13m8R9x84sK2jaXMm22kVj5sWNSdLGS3pX7GIHo8-TnQFm1CkHvVuK-O4yo8YfMXsLiMCF5aCBFuWNJNieluSC7EOYRMlfsPDbPdyV8BqUc3MArEs4kXIKHoydhikcCGf7yyXPD1q_8c9TdvyhAb4wcPA.3r83zftpQGyfgHpJp1ncTpR32pC4IJVXGcdCMs6uzss&dib_tag=se&keywords=stain+remover+on+the+go&qid=1757869768&sr=8-40,ml,500.0,0.5,48.5
9/14/2025,Home,Home,H9-Stain remover on the go,Stain remover,"Parker & Bailey Liquid Stain Remover - Instant Stain Removal on Laundry Clothing Fabric Ink Grease Blood Grass Coffee Wine Food Carpet Upholstery Spot Cleaner Odor Free Detergent Booster, 8oz",49.95,Parker & Bailey,amazon,https://www.amazon.sa/-/en/Parker-Bailey-Liquid-Stain-Remover/dp/B06XD2Y6VT/ref=sr_1_41?dib=eyJ2IjoiMSJ9.zyUEsEGoSnHnmiKlh6FF3ekA6AnzKdl1JYF0x1BPnKmdYsqqqTy52GhTGofgIRzzSFWfYGhBNBlii2qhdKbJngSmn0eTjCOBcgP3-ryebwMF1BkMzO-S26uqHE-LihTV_Z-6MeuyU2js15_1jq13m8R9x84sK2jaXMm22kVj5sWNSdLGS3pX7GIHo8-TnQFm1CkHvVuK-O4yo8YfMXsLiMCF5aCBFuWNJNieluSC7EOYRMlfsPDbPdyV8BqUc3MArEs4kXIKHoydhikcCGf7yyXPD1q_8c9TdvyhAb4wcPA.3r83zftpQGyfgHpJp1ncTpR32pC4IJVXGcdCMs6uzss&dib_tag=se&keywords=stain+remover+on+the+go&qid=1757869768&sr=8-41,fl oz,8.0,8.0,6.24375
9/14/2025,Home,Home,H9-Stain remover on the go,Stain remover,Vanish Liquid Fabric Stain Remover 500ml for Coloured & White clothes,9.95,Vanish,amazon,https://www.amazon.sa/-/en/Vanish-Liquid-Remover-Coloured-clothes/dp/B07MTZPC9Z/ref=sr_1_45?dib=eyJ2IjoiMSJ9.zyUEsEGoSnHnmiKlh6FF3ekA6AnzKdl1JYF0x1BPnKmdYsqqqTy52GhTGofgIRzzSFWfYGhBNBlii2qhdKbJngSmn0eTjCOBcgP3-ryebwMF1BkMzO-S26uqHE-LihTV_Z-6MeuyU2js15_1jq13m8R9x84sK2jaXMm22kVj5sWNSdLGS3pX7GIHo8-TnQFm1CkHvVuK-O4yo8YfMXsLiMCF5aCBFuWNJNieluSC7EOYRMlfsPDbPdyV8BqUc3MArEs4kXIKHoydhikcCGf7yyXPD1q_8c9TdvyhAb4wcPA.3r83zftpQGyfgHpJp1ncTpR32pC4IJVXGcdCMs6uzss&dib_tag=se&keywords=stain+remover+on+the+go&qid=1757869768&sr=8-45,ml,500.0,0.5,19.9
9/14/2025,Home,Home,H9-Stain remover on the go,Stain remover,"Vanish Oxi Action Pre-Treat For Tough Stains, Fabric Stain Remover Spray, Effective On 100+ Stains, Chlorine Bleach Free Formula, Safe on Everyday Fabrics, 500 ml, Pack of 1",39.0,Vanish,amazon,https://www.amazon.sa/-/en/Vanish-Pre-Treat-Effective-Chlorine-Everyday/dp/B01EWVI58G/ref=sr_1_48?dib=eyJ2IjoiMSJ9.zyUEsEGoSnHnmiKlh6FF3ekA6AnzKdl1JYF0x1BPnKmdYsqqqTy52GhTGofgIRzzSFWfYGhBNBlii2qhdKbJngSmn0eTjCOBcgP3-ryebwMF1BkMzO-S26uqHE-LihTV_Z-6MeuyU2js15_1jq13m8R9x84sK2jaXMm22kVj5sWNSdLGS3pX7GIHo8-TnQFm1CkHvVuK-O4yo8YfMXsLiMCF5aCBFuWNJNieluSC7EOYRMlfsPDbPdyV8BqUc3MArEs4kXIKHoydhikcCGf7yyXPD1q_8c9TdvyhAb4wcPA.3r83zftpQGyfgHpJp1ncTpR32pC4IJVXGcdCMs6uzss&dib_tag=se&keywords=stain+remover+on+the+go&qid=1757869768&sr=8-48,ml,500.0,0.5,78.0
9/14/2025,Home,Home,H9-Stain remover on the go,Stain remover,Dr.Beckmann 2 in 1 Upholstery Stain Remover with Soft Brush Suitable for Cloth Car Seats & Mattress-Removes Stains & Odours- OXY & Anti-Odour Formula-Made in Germany-400 ML,39.41,Dr. Beckmann,amazon,https://www.amazon.sa/-/en/Dr-Beckmann-Upholstery-Mattress-Removes-Formula-Made-Germany-400/dp/B0B45NDMML/ref=sr_1_52?dib=eyJ2IjoiMSJ9.zyUEsEGoSnHnmiKlh6FF3ekA6AnzKdl1JYF0x1BPnKmdYsqqqTy52GhTGofgIRzzSFWfYGhBNBlii2qhdKbJngSmn0eTjCOBcgP3-ryebwMF1BkMzO-S26uqHE-LihTV_Z-6MeuyU2js15_1jq13m8R9x84sK2jaXMm22kVj5sWNSdLGS3pX7GIHo8-TnQFm1CkHvVuK-O4yo8YfMXsLiMCF5aCBFuWNJNieluSC7EOYRMlfsPDbPdyV8BqUc3MArEs4kXIKHoydhikcCGf7yyXPD1q_8c9TdvyhAb4wcPA.3r83zftpQGyfgHpJp1ncTpR32pC4IJVXGcdCMs6uzss&dib_tag=se&keywords=stain+remover+on+the+go&qid=1757869768&sr=8-52,ml,400.0,0.4,98.525
9/14/2025,Home,Home,H11-Aerosol air freshener,Air freshener,Glade Lavender Air Freshener with Bergamont & Fresh Herb Notes - 300ml Aerosol Room Spray for Home & Office - Instant Glade Air Freshener for Fresh Ambiance,9.95,Glade,amazon,https://www.amazon.sa/-/en/Glade-Lavender-Freshener-Bergamont-Fresh/dp/B07G2THZBJ/ref=sr_1_4?dib=eyJ2IjoiMSJ9.2oV7FNEYM4H_txeSOgWyXYDRt-zsyOlv9sAMgrSX7LA25Zsnojk2vD_214m86Kc8sLmUqJpNujTIznFqRtfUmUePxgIcOBDwblM5kI1F2NWLk_-3NE8p4kJFpOU3Z5_AiCslCkZPUU9qchsss32pt23ddXNgGrRulGzETbOeznyXsDApjR5ubeq_nX_NrrhjorCYAzBXXUigKYRF2lRvbCzYZss1xPQxEuSC_qMNtUwOwsZbYoCtF2ryYa8L3T9ls4Ge2wT3-SnyQ0lkRQcXfG54M-1WMw5niVotSS2AVMA.ey4Qu07aYlZlYHsJaJrt3_hKPI-bZwDfJG-9hIVnzAQ&dib_tag=se&keywords=aerosol+air+freshener&qid=1757870011&sr=8-4,ml,300.0,0.3,33.166666666666664
9/14/2025,Home,Home,H11-Aerosol air freshener,Air freshener,Glade Vanilla Embrace Air Freshener with Sweet Floral & White Wood Notes - 300ml Aerosol Room Spray for Home & Office - Instant Glade Air Freshener for Fresh Ambiance,13.95,Glade,amazon,https://www.amazon.sa/-/en/Glade-Vanilla-Embrace-Freshener-Floral/dp/B07NF68MZR/ref=sr_1_5?dib=eyJ2IjoiMSJ9.2oV7FNEYM4H_txeSOgWyXYDRt-zsyOlv9sAMgrSX7LA25Zsnojk2vD_214m86Kc8sLmUqJpNujTIznFqRtfUmUePxgIcOBDwblM5kI1F2NWLk_-3NE8p4kJFpOU3Z5_AiCslCkZPUU9qchsss32pt23ddXNgGrRulGzETbOeznyXsDApjR5ubeq_nX_NrrhjorCYAzBXXUigKYRF2lRvbCzYZss1xPQxEuSC_qMNtUwOwsZbYoCtF2ryYa8L3T9ls4Ge2wT3-SnyQ0lkRQcXfG54M-1WMw5niVotSS2AVMA.ey4Qu07aYlZlYHsJaJrt3_hKPI-bZwDfJG-9hIVnzAQ&dib_tag=se&keywords=aerosol+air+freshener&qid=1757870011&sr=8-5,ml,300.0,0.3,46.5
9/14/2025,Home,Home,H11-Aerosol air freshener,Air freshener,"Glade Multispray Clean linen Air Freshener, Eliminates Unwanted Odour On both Air & Fabric, 460ml",17.5,Glade,amazon,https://www.amazon.sa/-/en/Glade-Multispray-Freshener-Eliminates-Unwanted/dp/B0CYJQ47KC/ref=sr_1_6?dib=eyJ2IjoiMSJ9.2oV7FNEYM4H_txeSOgWyXYDRt-zsyOlv9sAMgrSX7LA25Zsnojk2vD_214m86Kc8sLmUqJpNujTIznFqRtfUmUePxgIcOBDwblM5kI1F2NWLk_-3NE8p4kJFpOU3Z5_AiCslCkZPUU9qchsss32pt23ddXNgGrRulGzETbOeznyXsDApjR5ubeq_nX_NrrhjorCYAzBXXUigKYRF2lRvbCzYZss1xPQxEuSC_qMNtUwOwsZbYoCtF2ryYa8L3T9ls4Ge2wT3-SnyQ0lkRQcXfG54M-1WMw5niVotSS2AVMA.ey4Qu07aYlZlYHsJaJrt3_hKPI-bZwDfJG-9hIVnzAQ&dib_tag=se&keywords=aerosol+air+freshener&qid=1757870011&sr=8-6,ml,460.0,0.46,38.04347826086956
9/14/2025,Home,Home,H11-Aerosol air freshener,Air freshener,"Glade Automatic Air Freshener Spray Refill - Long-Lasting Fragrance Infused with Essential Oils, Continuous Freshness for Home, Office & Bathroom - Blooming Peony & Cherry, 269ml",30.5,Glade,amazon,https://www.amazon.sa/-/en/Glade-Automatic-Freshener-Spray-Refill/dp/B07NF7ZWSY/ref=sr_1_7?dib=eyJ2IjoiMSJ9.2oV7FNEYM4H_txeSOgWyXYDRt-zsyOlv9sAMgrSX7LA25Zsnojk2vD_214m86Kc8sLmUqJpNujTIznFqRtfUmUePxgIcOBDwblM5kI1F2NWLk_-3NE8p4kJFpOU3Z5_AiCslCkZPUU9qchsss32pt23ddXNgGrRulGzETbOeznyXsDApjR5ubeq_nX_NrrhjorCYAzBXXUigKYRF2lRvbCzYZss1xPQxEuSC_qMNtUwOwsZbYoCtF2ryYa8L3T9ls4Ge2wT3-SnyQ0lkRQcXfG54M-1WMw5niVotSS2AVMA.ey4Qu07aYlZlYHsJaJrt3_hKPI-bZwDfJG-9hIVnzAQ&dib_tag=se&keywords=aerosol+air+freshener&qid=1757870011&sr=8-7,ml,269.0,0.269,113.3828996282528
9/14/2025,Home,Home,H11-Aerosol air freshener,Air freshener,"Zoflora Mountain Air Aerosol Mist Anti-Bacterial Mist Spray, 300Ml",16.95,Zoflora,amazon,https://www.amazon.sa/-/en/Zoflora-Mountain-Aerosol-Anti-Bacterial-Spray/dp/B07SF68PD5/ref=sr_1_8?dib=eyJ2IjoiMSJ9.2oV7FNEYM4H_txeSOgWyXYDRt-zsyOlv9sAMgrSX7LA25Zsnojk2vD_214m86Kc8sLmUqJpNujTIznFqRtfUmUePxgIcOBDwblM5kI1F2NWLk_-3NE8p4kJFpOU3Z5_AiCslCkZPUU9qchsss32pt23ddXNgGrRulGzETbOeznyXsDApjR5ubeq_nX_NrrhjorCYAzBXXUigKYRF2lRvbCzYZss1xPQxEuSC_qMNtUwOwsZbYoCtF2ryYa8L3T9ls4Ge2wT3-SnyQ0lkRQcXfG54M-1WMw5niVotSS2AVMA.ey4Qu07aYlZlYHsJaJrt3_hKPI-bZwDfJG-9hIVnzAQ&dib_tag=se&keywords=aerosol+air+freshener&qid=1757870011&sr=8-8,ml,300.0,0.3,56.5
9/14/2025,Home,Home,H11-Aerosol air freshener,Air freshener,Glade I Love You Air Freshener with White Floral & Sweet Fruit Notes - 300ml Aerosol Room Spray for Home & Office - Instant Glade Air Freshener for Fresh Ambiance,13.5,Glade,amazon,https://www.amazon.sa/-/en/Glade-Freshener-White-Floral-Sweet/dp/B084FL6LSG/ref=sr_1_9?dib=eyJ2IjoiMSJ9.2oV7FNEYM4H_txeSOgWyXYDRt-zsyOlv9sAMgrSX7LA25Zsnojk2vD_214m86Kc8sLmUqJpNujTIznFqRtfUmUePxgIcOBDwblM5kI1F2NWLk_-3NE8p4kJFpOU3Z5_AiCslCkZPUU9qchsss32pt23ddXNgGrRulGzETbOeznyXsDApjR5ubeq_nX_NrrhjorCYAzBXXUigKYRF2lRvbCzYZss1xPQxEuSC_qMNtUwOwsZbYoCtF2ryYa8L3T9ls4Ge2wT3-SnyQ0lkRQcXfG54M-1WMw5niVotSS2AVMA.ey4Qu07aYlZlYHsJaJrt3_hKPI-bZwDfJG-9hIVnzAQ&dib_tag=se&keywords=aerosol+air+freshener&qid=1757870011&sr=8-9,ml,300.0,0.3,45.0
9/14/2025,Home,Home,H11-Aerosol air freshener,Air freshener,"Glade Automatic Air Freshener Spray Refill - Long-Lasting Fragrance Infused with Essential Oils, Continuous Freshness for Home, Office & Bathroom - Apple Cinnamon Scent, 269ml",38.95,Glade,amazon,https://www.amazon.sa/-/en/Glade-Automatic-Freshener-Spray-Refill/dp/B07L7R2QBC/ref=sr_1_10?dib=eyJ2IjoiMSJ9.2oV7FNEYM4H_txeSOgWyXYDRt-zsyOlv9sAMgrSX7LA25Zsnojk2vD_214m86Kc8sLmUqJpNujTIznFqRtfUmUePxgIcOBDwblM5kI1F2NWLk_-3NE8p4kJFpOU3Z5_AiCslCkZPUU9qchsss32pt23ddXNgGrRulGzETbOeznyXsDApjR5ubeq_nX_NrrhjorCYAzBXXUigKYRF2lRvbCzYZss1xPQxEuSC_qMNtUwOwsZbYoCtF2ryYa8L3T9ls4Ge2wT3-SnyQ0lkRQcXfG54M-1WMw5niVotSS2AVMA.ey4Qu07aYlZlYHsJaJrt3_hKPI-bZwDfJG-9hIVnzAQ&dib_tag=se&keywords=aerosol+air+freshener&qid=1757870011&sr=8-10,ml,269.0,0.269,144.79553903345726
9/14/2025,Home,Home,H11-Aerosol air freshener,Air freshener,"Glade Automatic Air Freshener Spray Refill - Long-Lasting Fragrance Infused with Essential Oils, Continuous Freshness for Home, Office & Bathroom - Morning Freshness Scent, 269ml",38.95,Glade,amazon,https://www.amazon.sa/-/en/Glade-Automatic-Freshener-Spray-Refill/dp/B07G2K131Y/ref=sr_1_13?dib=eyJ2IjoiMSJ9.2oV7FNEYM4H_txeSOgWyXYDRt-zsyOlv9sAMgrSX7LA25Zsnojk2vD_214m86Kc8sLmUqJpNujTIznFqRtfUmUePxgIcOBDwblM5kI1F2NWLk_-3NE8p4kJFpOU3Z5_AiCslCkZPUU9qchsss32pt23ddXNgGrRulGzETbOeznyXsDApjR5ubeq_nX_NrrhjorCYAzBXXUigKYRF2lRvbCzYZss1xPQxEuSC_qMNtUwOwsZbYoCtF2ryYa8L3T9ls4Ge2wT3-SnyQ0lkRQcXfG54M-1WMw5niVotSS2AVMA.ey4Qu07aYlZlYHsJaJrt3_hKPI-bZwDfJG-9hIVnzAQ&dib_tag=se&keywords=aerosol+air+freshener&qid=1757870011&sr=8-13,ml,269.0,0.269,144.79553903345726
9/14/2025,Home,Home,H11-Aerosol air freshener,Air freshener,"Glade Automatic Air Freshener Spray Refill - Long-Lasting Fragrance Infused with Essential Oils, Continuous Freshness for Home, Office & Bathroom - Clean Linen Scent, 269ml",38.95,Glade,amazon,https://www.amazon.sa/-/en/Glade-Automatic-Freshener-Spray-Refill/dp/B07L7QSZ6N/ref=sr_1_16?dib=eyJ2IjoiMSJ9.2oV7FNEYM4H_txeSOgWyXYDRt-zsyOlv9sAMgrSX7LA25Zsnojk2vD_214m86Kc8sLmUqJpNujTIznFqRtfUmUePxgIcOBDwblM5kI1F2NWLk_-3NE8p4kJFpOU3Z5_AiCslCkZPUU9qchsss32pt23ddXNgGrRulGzETbOeznyXsDApjR5ubeq_nX_NrrhjorCYAzBXXUigKYRF2lRvbCzYZss1xPQxEuSC_qMNtUwOwsZbYoCtF2ryYa8L3T9ls4Ge2wT3-SnyQ0lkRQcXfG54M-1WMw5niVotSS2AVMA.ey4Qu07aYlZlYHsJaJrt3_hKPI-bZwDfJG-9hIVnzAQ&dib_tag=se&keywords=aerosol+air+freshener&qid=1757870011&sr=8-16,ml,269.0,0.269,144.79553903345726
9/14/2025,Home,Home,H11-Aerosol air freshener,Air freshener,MOBI Air Freshener Oud 300Ml,6.0,MOBI,amazon,https://www.amazon.sa/-/en/MOBI-Air-Freshener-Oud-300Ml/dp/B0856QRN96/ref=sr_1_20?dib=eyJ2IjoiMSJ9.2oV7FNEYM4H_txeSOgWyXYDRt-zsyOlv9sAMgrSX7LA25Zsnojk2vD_214m86Kc8sLmUqJpNujTIznFqRtfUmUePxgIcOBDwblM5kI1F2NWLk_-3NE8p4kJFpOU3Z5_AiCslCkZPUU9qchsss32pt23ddXNgGrRulGzETbOeznyXsDApjR5ubeq_nX_NrrhjorCYAzBXXUigKYRF2lRvbCzYZss1xPQxEuSC_qMNtUwOwsZbYoCtF2ryYa8L3T9ls4Ge2wT3-SnyQ0lkRQcXfG54M-1WMw5niVotSS2AVMA.ey4Qu07aYlZlYHsJaJrt3_hKPI-bZwDfJG-9hIVnzAQ&dib_tag=se&keywords=aerosol+air+freshener&qid=1757870011&sr=8-20,ml,300.0,0.3,20.0
9/14/2025,Home,Home,H11-Aerosol air freshener,Air freshener,"Lor'x Air Freshener 500 ml, Secrets",17.04,Lor'x,amazon,https://www.amazon.sa/-/en/Lorx-Air-Freshener-500-Secrets/dp/B0BYPHTZ39/ref=sr_1_33?dib=eyJ2IjoiMSJ9.2oV7FNEYM4H_txeSOgWyXYDRt-zsyOlv9sAMgrSX7LA25Zsnojk2vD_214m86Kc8sLmUqJpNujTIznFqRtfUmUePxgIcOBDwblM5kI1F2NWLk_-3NE8p4kJFpOU3Z5_AiCslCkZPUU9qchsss32pt23ddXNgGrRulGzETbOeznyXsDApjR5ubeq_nX_NrrhjorCYAzBXXUigKYRF2lRvbCzYZss1xPQxEuSC_qMNtUwOwsZbYoCtF2ryYa8L3T9ls4Ge2wT3-SnyQ0lkRQcXfG54M-1WMw5niVotSS2AVMA.ey4Qu07aYlZlYHsJaJrt3_hKPI-bZwDfJG-9hIVnzAQ&dib_tag=se&keywords=aerosol+air+freshener&qid=1757870011&sr=8-33,ml,500.0,0.5,34.08
9/14/2025,Home,Home,H11-Aerosol air freshener,Air freshener,"Frida Aqua Air Freshener - Peach, 460 ml",14.9,Frida,amazon,https://www.amazon.sa/-/en/Frida-Aqua-Air-Freshener-Peach/dp/B08FTXPPGB/ref=sr_1_35?dib=eyJ2IjoiMSJ9.2oV7FNEYM4H_txeSOgWyXYDRt-zsyOlv9sAMgrSX7LA25Zsnojk2vD_214m86Kc8sLmUqJpNujTIznFqRtfUmUePxgIcOBDwblM5kI1F2NWLk_-3NE8p4kJFpOU3Z5_AiCslCkZPUU9qchsss32pt23ddXNgGrRulGzETbOeznyXsDApjR5ubeq_nX_NrrhjorCYAzBXXUigKYRF2lRvbCzYZss1xPQxEuSC_qMNtUwOwsZbYoCtF2ryYa8L3T9ls4Ge2wT3-SnyQ0lkRQcXfG54M-1WMw5niVotSS2AVMA.ey4Qu07aYlZlYHsJaJrt3_hKPI-bZwDfJG-9hIVnzAQ&dib_tag=se&keywords=aerosol+air+freshener&qid=1757870011&sr=8-35,ml,460.0,0.46,32.391304347826086
9/14/2025,Home,Home,H11-Aerosol air freshener,Air freshener,"Febreze lavender air freshener spray, 185 ml",14.45,Febreze,amazon,https://www.amazon.sa/-/en/Febreze-lavender-air-freshener-spray/dp/B0D6323JPB/ref=sr_1_36?dib=eyJ2IjoiMSJ9.2oV7FNEYM4H_txeSOgWyXYDRt-zsyOlv9sAMgrSX7LA25Zsnojk2vD_214m86Kc8sLmUqJpNujTIznFqRtfUmUePxgIcOBDwblM5kI1F2NWLk_-3NE8p4kJFpOU3Z5_AiCslCkZPUU9qchsss32pt23ddXNgGrRulGzETbOeznyXsDApjR5ubeq_nX_NrrhjorCYAzBXXUigKYRF2lRvbCzYZss1xPQxEuSC_qMNtUwOwsZbYoCtF2ryYa8L3T9ls4Ge2wT3-SnyQ0lkRQcXfG54M-1WMw5niVotSS2AVMA.ey4Qu07aYlZlYHsJaJrt3_hKPI-bZwDfJG-9hIVnzAQ&dib_tag=se&keywords=aerosol+air+freshener&qid=1757870011&sr=8-36,ml,185.0,0.185,78.1081081081081
9/14/2025,Home,Home,H11-Aerosol air freshener,Air freshener,"Glade Air Freshener Room Spray, Hawaiian Breeze, 8.3 oz",22.75,Glade,amazon,https://www.amazon.sa/-/en/Glade-Freshener-Spray-Hawaiian-Breeze/dp/B0BF7QWRR9/ref=sr_1_38?dib=eyJ2IjoiMSJ9.2oV7FNEYM4H_txeSOgWyXYDRt-zsyOlv9sAMgrSX7LA25Zsnojk2vD_214m86Kc8sLmUqJpNujTIznFqRtfUmUePxgIcOBDwblM5kI1F2NWLk_-3NE8p4kJFpOU3Z5_AiCslCkZPUU9qchsss32pt23ddXNgGrRulGzETbOeznyXsDApjR5ubeq_nX_NrrhjorCYAzBXXUigKYRF2lRvbCzYZss1xPQxEuSC_qMNtUwOwsZbYoCtF2ryYa8L3T9ls4Ge2wT3-SnyQ0lkRQcXfG54M-1WMw5niVotSS2AVMA.ey4Qu07aYlZlYHsJaJrt3_hKPI-bZwDfJG-9hIVnzAQ&dib_tag=se&keywords=aerosol+air+freshener&qid=1757870011&sr=8-38,fl oz,8.3,8.3,2.740963855421686
9/14/2025,Home,Home,H11-Aerosol air freshener,Air freshener,FEBREZE 8.8OZ LINEN & SKY,39.75,Febreze,amazon,https://www.amazon.sa/-/en/Febreze-96256EA-FEBREZE-8-8OZ-LINEN/dp/B01MQIR597/ref=sr_1_45?dib=eyJ2IjoiMSJ9.2oV7FNEYM4H_txeSOgWyXYDRt-zsyOlv9sAMgrSX7LA25Zsnojk2vD_214m86Kc8sLmUqJpNujTIznFqRtfUmUePxgIcOBDwblM5kI1F2NWLk_-3NE8p4kJFpOU3Z5_AiCslCkZPUU9qchsss32pt23ddXNgGrRulGzETbOeznyXsDApjR5ubeq_nX_NrrhjorCYAzBXXUigKYRF2lRvbCzYZss1xPQxEuSC_qMNtUwOwsZbYoCtF2ryYa8L3T9ls4Ge2wT3-SnyQ0lkRQcXfG54M-1WMw5niVotSS2AVMA.ey4Qu07aYlZlYHsJaJrt3_hKPI-bZwDfJG-9hIVnzAQ&dib_tag=se&keywords=aerosol+air+freshener&qid=1757870011&sr=8-45,fl oz,8.8,8.8,4.517045454545454
9/14/2025,Home,Home,H11-Aerosol air freshener,Air freshener,"Glade Air Freshener Room Spray, Apple Cinnamon, 8.3 oz",22.75,Glade,amazon,https://www.amazon.sa/-/en/Glade-Freshener-Spray-Apple-Cinnamon/dp/B0BF7Z2Z67/ref=sr_1_46?dib=eyJ2IjoiMSJ9.2oV7FNEYM4H_txeSOgWyXYDRt-zsyOlv9sAMgrSX7LA25Zsnojk2vD_214m86Kc8sLmUqJpNujTIznFqRtfUmUePxgIcOBDwblM5kI1F2NWLk_-3NE8p4kJFpOU3Z5_AiCslCkZPUU9qchsss32pt23ddXNgGrRulGzETbOeznyXsDApjR5ubeq_nX_NrrhjorCYAzBXXUigKYRF2lRvbCzYZss1xPQxEuSC_qMNtUwOwsZbYoCtF2ryYa8L3T9ls4Ge2wT3-SnyQ0lkRQcXfG54M-1WMw5niVotSS2AVMA.ey4Qu07aYlZlYHsJaJrt3_hKPI-bZwDfJG-9hIVnzAQ&dib_tag=se&keywords=aerosol+air+freshener&qid=1757870011&sr=8-46,fl oz,8.3,8.3,2.740963855421686
9/14/2025,Home,Home,H11-Aerosol air freshener,Air freshener,"Glade Air Freshener Spray, Morning Freshness, 300 ml",25.0,Glade,amazon,https://www.amazon.sa/-/en/Glade-Freshener-Spray-Morning-Freshness/dp/B00VQBV6ZA/ref=sr_1_50?dib=eyJ2IjoiMSJ9.2oV7FNEYM4H_txeSOgWyXYDRt-zsyOlv9sAMgrSX7LA25Zsnojk2vD_214m86Kc8sLmUqJpNujTIznFqRtfUmUePxgIcOBDwblM5kI1F2NWLk_-3NE8p4kJFpOU3Z5_AiCslCkZPUU9qchsss32pt23ddXNgGrRulGzETbOeznyXsDApjR5ubeq_nX_NrrhjorCYAzBXXUigKYRF2lRvbCzYZss1xPQxEuSC_qMNtUwOwsZbYoCtF2ryYa8L3T9ls4Ge2wT3-SnyQ0lkRQcXfG54M-1WMw5niVotSS2AVMA.ey4Qu07aYlZlYHsJaJrt3_hKPI-bZwDfJG-9hIVnzAQ&dib_tag=se&keywords=aerosol+air+freshener&qid=1757870011&sr=8-50,ml,300.0,0.3,83.33333333333334
9/14/2025,Home,Home,H11-Aerosol air freshener,Air freshener,Dr Scent - Air Freshener Aerosol Spray - Lemon - 300 ml,36.0,Dr Scent,mumzworld,https://www.mumzworld.com/sa-en/dr-scent-air-freshener-aerosol-spray-lemon-300-ml-39104162-zc3dee69a303312774d3dz-1?source=Search,ml,300.0,0.3,120.0
9/14/2025,Home,Home,H11-Aerosol air freshener,Air freshener,Dr Scent - Air Freshener Aerosol Spray - Lavender - 300 ml,36.0,Dr Scent,mumzworld,https://www.mumzworld.com/sa-en/dr-scent-air-freshener-aerosol-spray-lavender-300-ml-39104162-z71fc8b1723274a5c48caz-1?source=Search,ml,300.0,0.3,120.0
9/14/2025,Home,Home,H11-Aerosol air freshener,Air freshener,Dr Scent - Air Freshener Aerosol Spray - For You - 300 ml,36.0,Dr Scent,mumzworld,https://www.mumzworld.com/sa-en/dr-scent-air-freshener-aerosol-spray-for-you-300-ml-39104162-z273e6147ac5b81d33fc9z-1?source=Search,ml,300.0,0.3,120.0
9/14/2025,Home,Home,H11-Aerosol air freshener,Air freshener,O'SO Orchid Scented Long Lasting Fragrance Air Freshener Spray 200ml ORCHID-200,11.95,O'SO,saco,https://www.saco.sa/en/O'SO-Orchid-Scented-Long-Lasting-Fragrance-Air-Freshener-Spray-200ml-ORCHID-200/p/000000000000069871,ml,200.0,0.2,59.74999999999999
9/14/2025,Home,Home,H11-Aerosol air freshener,Air freshener,O'SO Ocean Scented Long Lasting Fragrance Air Freshener Spray 200ml OCEAN-200,11.95,O'SO,saco,https://www.saco.sa/en/O'SO-Ocean-Scented-Long-Lasting-Fragrance-Air-Freshener-Spray-200ml-OCEAN-200/p/000000000000069882,ml,200.0,0.2,59.74999999999999
9/14/2025,Home,Home,H11-Aerosol air freshener,Air freshener,Mr. McKenic Sweet Vanilla Scented Odor Eliminator 245g DG8314-AL300VP,29.95,Mr. McKenic,saco,https://www.saco.sa/en/Mr-McKenic-Sweet-Vanilla-Scented-Odor-Eliminator-245g-DG8314-AL300VP/p/000000000000098081,g,245.0,245.0,0.1222448979591836
9/14/2025,Home,Home,H11-Aerosol air freshener,Air freshener,Odor Stop MaxPro New Car Scent Odor Eliminator 1.4oz ZAR OSOMDCAR6-6366,19.95,Odor Stop,saco,https://www.saco.sa/en/Odor-Stop-MaxPro-New-Car-Scent-Odor-Eliminator-1-4oz-ZAR-OSOMDCAR6-6366/p/000000000000070701,fl oz,1.4,1.4,14.25
9/14/2025,Home,Home,H11-Aerosol air freshener,Air freshener,Mr. McKenic Sweet Vanilla Scented Odor Eliminator 75g DG8314-AL85VP,19.95,Mr. McKenic,saco,https://www.saco.sa/en/Mr-McKenic-Sweet-Vanilla-Scented-Odor-Eliminator-75g-DG8314-AL85VP/p/000000000000098082,g,75.0,75.0,0.266
9/14/2025,Home,Home,H11-Odor neutralizing spray,Odor eliminator,"Smart Clean Bagy Odor Eliminator Spray - 400ml, Instant Freshness for Home, Car, Pets, Smoke & Kitchen - Powerful Long-Lasting Deodorizer for Indoor & Outdoor Use",32.95,Smart Clean,amazon,https://www.amazon.sa/-/en/Smart-Clean-Bagy-Eliminator-Spray/dp/B0FD83PQGC/ref=sr_1_5?dib=eyJ2IjoiMSJ9.XPl2q3U_OGoW_W7sJKF14YZjZiVJj_13x78cMGCcHrsBWSsPqbAGKe9yFK7I50I8Wp8gaAdwSZzVxsiFszB7R1CTeLKIcGdFr4tXsLgX-GWqSQIDTY4i5EOEvqXFq4V2hzVCVTZcFagDpkMQ6tr-oxYoTif3_CjFKe5AhNKRzwINfbagTQPn-FyBeAcwrpQ2lfIDX86d58Zjje9BFx4Cf5rLERLqgrxIM8WBFpbPMEvDp6eIdieCrU9p3LC_H5NPveADkURaQiKf89S7Neb0aW91zOZpby7M3nSxu-z7ZIc.OOtU69VvSrtjFvm00HqdJzn4-PaWflWYqiKOM_V-fyM&dib_tag=se&keywords=odor+neutralizing+spray+air&qid=1757870487&sr=8-5,ml,400.0,0.4,82.375
9/14/2025,Home,Home,H11-Odor neutralizing spray,Odor eliminator,Blaze Away Industrial Air Freshener / Odor Eliminator & Smoke Neutralizer Spray - Professional Odor Removal - Cleans Strong Odors on a Molecular Level - Long Lasting Scent - 5oz Sprayer,286.42,Blaze Away,amazon,https://www.amazon.sa/-/en/Blaze-Away-Industrial-Eliminator-Neutralizer/dp/B08FMT45YS/ref=sr_1_26?dib=eyJ2IjoiMSJ9.XPl2q3U_OGoW_W7sJKF14YZjZiVJj_13x78cMGCcHrsBWSsPqbAGKe9yFK7I50I8Wp8gaAdwSZzVxsiFszB7R1CTeLKIcGdFr4tXsLgX-GWqSQIDTY4i5EOEvqXFq4V2hzVCVTZcFagDpkMQ6tr-oxYoTif3_CjFKe5AhNKRzwINfbagTQPn-FyBeAcwrpQ2lfIDX86d58Zjje9BFx4Cf5rLERLqgrxIM8WBFpbPMEvDp6eIdieCrU9p3LC_H5NPveADkURaQiKf89S7Neb0aW91zOZpby7M3nSxu-z7ZIc.OOtU69VvSrtjFvm00HqdJzn4-PaWflWYqiKOM_V-fyM&dib_tag=se&keywords=odor+neutralizing+spray+air&qid=1757870487&sr=8-26,fl oz,5.0,5.0,57.284000000000006
9/14/2025,Home,Home,H11-Odor neutralizing spray,Odor eliminator,"Nice Garden Air Freshener Spray, Eliminates Odors & Refreshes, Essential Oil-Infused Spray for Home, Office & Car - 400ml (Kiwi)",51.99,Generic,amazon,https://www.amazon.sa/-/en/Freshener-Eliminates-Refreshes-Essential-Oil-Infused/dp/B0DF5BK7WQ/ref=sr_1_30?dib=eyJ2IjoiMSJ9.XPl2q3U_OGoW_W7sJKF14YZjZiVJj_13x78cMGCcHrsBWSsPqbAGKe9yFK7I50I8Wp8gaAdwSZzVxsiFszB7R1CTeLKIcGdFr4tXsLgX-GWqSQIDTY4i5EOEvqXFq4V2hzVCVTZcFagDpkMQ6tr-oxYoTif3_CjFKe5AhNKRzwINfbagTQPn-FyBeAcwrpQ2lfIDX86d58Zjje9BFx4Cf5rLERLqgrxIM8WBFpbPMEvDp6eIdieCrU9p3LC_H5NPveADkURaQiKf89S7Neb0aW91zOZpby7M3nSxu-z7ZIc.OOtU69VvSrtjFvm00HqdJzn4-PaWflWYqiKOM_V-fyM&dib_tag=se&keywords=odor+neutralizing+spray+air&qid=1757870487&sr=8-30,ml,400.0,0.4,129.975
9/14/2025,Home,Home,H11-Odor neutralizing spray,Odor eliminator,"Meguiar's Whole Car Air Refresher, Odor Eliminator Spray Eliminates Strong Vehicle Odors, New Car Scent - Three 2 Oz Spray Bottles",240.57,Meguiar's,amazon,https://www.amazon.sa/-/en/Meguiars-Refresher-Eliminator-Eliminates-Vehicle/dp/B07KQXLVKZ/ref=sr_1_31?dib=eyJ2IjoiMSJ9.XPl2q3U_OGoW_W7sJKF14YZjZiVJj_13x78cMGCcHrsBWSsPqbAGKe9yFK7I50I8Wp8gaAdwSZzVxsiFszB7R1CTeLKIcGdFr4tXsLgX-GWqSQIDTY4i5EOEvqXFq4V2hzVCVTZcFagDpkMQ6tr-oxYoTif3_CjFKe5AhNKRzwINfbagTQPn-FyBeAcwrpQ2lfIDX86d58Zjje9BFx4Cf5rLERLqgrxIM8WBFpbPMEvDp6eIdieCrU9p3LC_H5NPveADkURaQiKf89S7Neb0aW91zOZpby7M3nSxu-z7ZIc.OOtU69VvSrtjFvm00HqdJzn4-PaWflWYqiKOM_V-fyM&dib_tag=se&keywords=odor+neutralizing+spray+air&qid=1757870487&sr=8-31,fl oz,2.0,2.0,120.285
9/14/2025,Home,Home,H11-Odor neutralizing spray,Odor eliminator,"Fresh Wave Lemon Odor Eliminator Spray & Air Freshener, 8 oz. | Odor Absorbers for Home | Safer Odor Relief | Natural Plant-Based Odor Eliminator | For Furniture, Fabrics & Trash",124.0,Fresh Wave,amazon,https://www.amazon.sa/-/en/Fresh-Wave-Eliminator-Freshener-Plant-Based/dp/B09SN8JFJH/ref=sr_1_34?dib=eyJ2IjoiMSJ9.XPl2q3U_OGoW_W7sJKF14YZjZiVJj_13x78cMGCcHrsBWSsPqbAGKe9yFK7I50I8Wp8gaAdwSZzVxsiFszB7R1CTeLKIcGdFr4tXsLgX-GWqSQIDTY4i5EOEvqXFq4V2hzVCVTZcFagDpkMQ6tr-oxYoTif3_CjFKe5AhNKRzwINfbagTQPn-FyBeAcwrpQ2lfIDX86d58Zjje9BFx4Cf5rLERLqgrxIM8WBFpbPMEvDp6eIdieCrU9p3LC_H5NPveADkURaQiKf89S7Neb0aW91zOZpby7M3nSxu-z7ZIc.OOtU69VvSrtjFvm00HqdJzn4-PaWflWYqiKOM_V-fyM&dib_tag=se&keywords=odor+neutralizing+spray+air&qid=1757870487&sr=8-34,fl oz,8.0,8.0,15.5
9/14/2025,Automotive,Automotive,C1-Car wash shampoo,Vehicle wet wash shampoo,"Armor All CAR WASH - THICK FOAM, Blue, 1.89L, 25464",39.99,Armor All,amazon,https://www.amazon.sa/-/en/Armor-All-CAR-WASH-THICK/dp/B00062ZJ1W/ref=sr_1_5?dib=eyJ2IjoiMSJ9.ehjduN5eC8CwsNYpmykLGGgt2M1EsBEIYULuf1oTsYX6q8CmVa0MWLuxpd8sgV-MIAKFbVLMnsY82KvKYznk-_T-E17n3kG3R5UrnCIkq7bzp2UE4D8tOYRbzn_WKNpCfJXXNbGaAcbFJi-3ivW2KtSgWDS-bbRT1DFhFsbz-CgPtDHdCscnnRNWB4-XTyJ58kULeW-b-gqpsmvzyrtt_X60SwefL_GIeq7eC8TX7-5c76G2j_jpsZhyGneVXn1nyqLfXQChUtU3wG7RCoE4kdb3Xsi17eHof3yiObzkpUM.ly2dWuKt5yARKWHpaYtXx5bP8LnYXbKM3EiACx0r2Ng&dib_tag=se&keywords=car+wash+shampoo&qid=1757870873&sr=8-5,L,1.89,1.89,21.15873015873016
9/14/2025,Automotive,Automotive,C1-Car wash shampoo,Vehicle wet wash shampoo,"Karcher - RM 619 Car Shampoo, 5 Liters, Foaming cleaning agent for thorough vehicle cleaning",99.0,Kärcher,amazon,https://www.amazon.sa/-/en/Karcher-Shampoo-Foaming-cleaning-thorough/dp/B0056A6ZEO/ref=sr_1_6?dib=eyJ2IjoiMSJ9.ehjduN5eC8CwsNYpmykLGGgt2M1EsBEIYULuf1oTsYX6q8CmVa0MWLuxpd8sgV-MIAKFbVLMnsY82KvKYznk-_T-E17n3kG3R5UrnCIkq7bzp2UE4D8tOYRbzn_WKNpCfJXXNbGaAcbFJi-3ivW2KtSgWDS-bbRT1DFhFsbz-CgPtDHdCscnnRNWB4-XTyJ58kULeW-b-gqpsmvzyrtt_X60SwefL_GIeq7eC8TX7-5c76G2j_jpsZhyGneVXn1nyqLfXQChUtU3wG7RCoE4kdb3Xsi17eHof3yiObzkpUM.ly2dWuKt5yARKWHpaYtXx5bP8LnYXbKM3EiACx0r2Ng&dib_tag=se&keywords=car+wash+shampoo&qid=1757870873&sr=8-6,L,5.0,5.0,19.8
9/14/2025,Automotive,Automotive,C1-Car wash shampoo,Vehicle wet wash shampoo,"ARMOR ALL Ultra Wash Wax 64 Oz 10346, Orange, Car Wash Wax, Car Cleaner, Car Washing, 10346, 1 Piece",45.89,Armor All,amazon,https://www.amazon.sa/-/en/ARMOR-10346-Orange-Cleaner-Washing/dp/B001GJ9K8C/ref=sr_1_7?dib=eyJ2IjoiMSJ9.ehjduN5eC8CwsNYpmykLGGgt2M1EsBEIYULuf1oTsYX6q8CmVa0MWLuxpd8sgV-MIAKFbVLMnsY82KvKYznk-_T-E17n3kG3R5UrnCIkq7bzp2UE4D8tOYRbzn_WKNpCfJXXNbGaAcbFJi-3ivW2KtSgWDS-bbRT1DFhFsbz-CgPtDHdCscnnRNWB4-XTyJ58kULeW-b-gqpsmvzyrtt_X60SwefL_GIeq7eC8TX7-5c76G2j_jpsZhyGneVXn1nyqLfXQChUtU3wG7RCoE4kdb3Xsi17eHof3yiObzkpUM.ly2dWuKt5yARKWHpaYtXx5bP8LnYXbKM3EiACx0r2Ng&dib_tag=se&keywords=car+wash+shampoo&qid=1757870873&sr=8-7,fl oz,64.0,64.0,0.71703125
9/14/2025,Automotive,Automotive,C1-Car wash shampoo,Vehicle wet wash shampoo,Armor All GAA18520EN Shield Car Wash Shampoo 520 ml,27.54,Armor All,amazon,https://www.amazon.sa/-/en/Armor-All-GAA18520EN-Shield-Shampoo/dp/B00JF096ZQ/ref=sr_1_11?dib=eyJ2IjoiMSJ9.ehjduN5eC8CwsNYpmykLGGgt2M1EsBEIYULuf1oTsYX6q8CmVa0MWLuxpd8sgV-MIAKFbVLMnsY82KvKYznk-_T-E17n3kG3R5UrnCIkq7bzp2UE4D8tOYRbzn_WKNpCfJXXNbGaAcbFJi-3ivW2KtSgWDS-bbRT1DFhFsbz-CgPtDHdCscnnRNWB4-XTyJ58kULeW-b-gqpsmvzyrtt_X60SwefL_GIeq7eC8TX7-5c76G2j_jpsZhyGneVXn1nyqLfXQChUtU3wG7RCoE4kdb3Xsi17eHof3yiObzkpUM.ly2dWuKt5yARKWHpaYtXx5bP8LnYXbKM3EiACx0r2Ng&dib_tag=se&keywords=car+wash+shampoo&qid=1757870873&sr=8-11,ml,520.0,0.52,52.96153846153846
9/14/2025,Automotive,Automotive,C1-Car wash shampoo,Vehicle wet wash shampoo,CHEMICAL GUYS Mr. Pink Super Suds Wash Shampoo and Superior Surface Cleaning Soap 473 ML (CWS_402_16),67.01,Chemical Guys,amazon,https://www.amazon.sa/-/en/CHEMICAL-Shampoo-Superior-Cleaning-CWS_402_16/dp/B00AFBXQNC/ref=sr_1_12?dib=eyJ2IjoiMSJ9.ehjduN5eC8CwsNYpmykLGGgt2M1EsBEIYULuf1oTsYX6q8CmVa0MWLuxpd8sgV-MIAKFbVLMnsY82KvKYznk-_T-E17n3kG3R5UrnCIkq7bzp2UE4D8tOYRbzn_WKNpCfJXXNbGaAcbFJi-3ivW2KtSgWDS-bbRT1DFhFsbz-CgPtDHdCscnnRNWB4-XTyJ58kULeW-b-gqpsmvzyrtt_X60SwefL_GIeq7eC8TX7-5c76G2j_jpsZhyGneVXn1nyqLfXQChUtU3wG7RCoE4kdb3Xsi17eHof3yiObzkpUM.ly2dWuKt5yARKWHpaYtXx5bP8LnYXbKM3EiACx0r2Ng&dib_tag=se&keywords=car+wash+shampoo&qid=1757870873&sr=8-12,ml,473.0,0.473,141.67019027484145
9/14/2025,Automotive,Automotive,C1-Car wash shampoo,Vehicle wet wash shampoo,RAIN-X High Foam Car Wash (GREEN) 100 OZ,64.95,Rain-X,amazon,https://www.amazon.sa/-/en/RAIN-X-High-Foam-Wash-GREEN/dp/B001GJ9JFG/ref=sr_1_17?dib=eyJ2IjoiMSJ9.ehjduN5eC8CwsNYpmykLGGgt2M1EsBEIYULuf1oTsYX6q8CmVa0MWLuxpd8sgV-MIAKFbVLMnsY82KvKYznk-_T-E17n3kG3R5UrnCIkq7bzp2UE4D8tOYRbzn_WKNpCfJXXNbGaAcbFJi-3ivW2KtSgWDS-bbRT1DFhFsbz-CgPtDHdCscnnRNWB4-XTyJ58kULeW-b-gqpsmvzyrtt_X60SwefL_GIeq7eC8TX7-5c76G2j_jpsZhyGneVXn1nyqLfXQChUtU3wG7RCoE4kdb3Xsi17eHof3yiObzkpUM.ly2dWuKt5yARKWHpaYtXx5bP8LnYXbKM3EiACx0r2Ng&dib_tag=se&keywords=car+wash+shampoo&qid=1757870873&sr=8-17,fl oz,100.0,100.0,0.6495000000000001
9/14/2025,Automotive,Automotive,C1-Car wash shampoo,Vehicle wet wash shampoo,"Snow Foam Car Shampoo 5L - Heavy Duty Foam Cleaner Removes Traffic Film & Dirt, Cherry Scent, Safe for All Paints, Deep Cleaning & Shine",85.0,Generic,amazon,https://www.amazon.sa/-/en/Turtle-53111-High-Performance-Snow-Shampoo/dp/B0CZTPJS44/ref=sr_1_19?dib=eyJ2IjoiMSJ9.ehjduN5eC8CwsNYpmykLGGgt2M1EsBEIYULuf1oTsYX6q8CmVa0MWLuxpd8sgV-MIAKFbVLMnsY82KvKYznk-_T-E17n3kG3R5UrnCIkq7bzp2UE4D8tOYRbzn_WKNpCfJXXNbGaAcbFJi-3ivW2KtSgWDS-bbRT1DFhFsbz-CgPtDHdCscnnRNWB4-XTyJ58kULeW-b-gqpsmvzyrtt_X60SwefL_GIeq7eC8TX7-5c76G2j_jpsZhyGneVXn1nyqLfXQChUtU3wG7RCoE4kdb3Xsi17eHof3yiObzkpUM.ly2dWuKt5yARKWHpaYtXx5bP8LnYXbKM3EiACx0r2Ng&dib_tag=se&keywords=car+wash+shampoo&qid=1757870873&sr=8-19,L,5.0,5.0,17.0
9/14/2025,Automotive,Automotive,C1-Car wash shampoo,Vehicle wet wash shampoo,SONAX GLOSS SHAMPOO (1 l) - Concentrate. Removes dirt quickly and thoroughly. | Item-No. 03143000-544,52.5,SONAX,amazon,https://www.amazon.sa/-/en/SONAX-GLOSS-SHAMPOO-Concentrate-03143000-544/dp/B000S6AQOQ/ref=sr_1_20?dib=eyJ2IjoiMSJ9.ehjduN5eC8CwsNYpmykLGGgt2M1EsBEIYULuf1oTsYX6q8CmVa0MWLuxpd8sgV-MIAKFbVLMnsY82KvKYznk-_T-E17n3kG3R5UrnCIkq7bzp2UE4D8tOYRbzn_WKNpCfJXXNbGaAcbFJi-3ivW2KtSgWDS-bbRT1DFhFsbz-CgPtDHdCscnnRNWB4-XTyJ58kULeW-b-gqpsmvzyrtt_X60SwefL_GIeq7eC8TX7-5c76G2j_jpsZhyGneVXn1nyqLfXQChUtU3wG7RCoE4kdb3Xsi17eHof3yiObzkpUM.ly2dWuKt5yARKWHpaYtXx5bP8LnYXbKM3EiACx0r2Ng&dib_tag=se&keywords=car+wash+shampoo&qid=1757870873&sr=8-20,L,1.0,1.0,52.5
9/14/2025,Automotive,Automotive,C1-Car wash shampoo,Vehicle wet wash shampoo,Snow Turtle Wax Foam 5L Car Wash,129.0,Turtle Wax,amazon,https://www.amazon.sa/-/en/Snow-Turtle-Wax-Foam-Wash/dp/B07CNW1CR3/ref=sr_1_25?dib=eyJ2IjoiMSJ9.ehjduN5eC8CwsNYpmykLGGgt2M1EsBEIYULuf1oTsYX6q8CmVa0MWLuxpd8sgV-MIAKFbVLMnsY82KvKYznk-_T-E17n3kG3R5UrnCIkq7bzp2UE4D8tOYRbzn_WKNpCfJXXNbGaAcbFJi-3ivW2KtSgWDS-bbRT1DFhFsbz-CgPtDHdCscnnRNWB4-XTyJ58kULeW-b-gqpsmvzyrtt_X60SwefL_GIeq7eC8TX7-5c76G2j_jpsZhyGneVXn1nyqLfXQChUtU3wG7RCoE4kdb3Xsi17eHof3yiObzkpUM.ly2dWuKt5yARKWHpaYtXx5bP8LnYXbKM3EiACx0r2Ng&dib_tag=se&keywords=car+wash+shampoo&qid=1757870873&sr=8-25,L,5.0,5.0,25.8
9/14/2025,Automotive,Automotive,C1-Car wash shampoo,Vehicle wet wash shampoo,"Turtle Wax Hybrid Snow Foam 2.5L Bubble Gum Car Shampoo– Environmentally Friendly PH Balanced Car Cleaning & Detailing - Removes Traffic Film, Dirt, Grime, and Road Salt",84.4,Turtle Wax,amazon,https://www.amazon.sa/-/en/Turtle-Wax-Shampoo-Environmentally-Detailing/dp/B07N6GT5ML/ref=sr_1_26?dib=eyJ2IjoiMSJ9.ehjduN5eC8CwsNYpmykLGGgt2M1EsBEIYULuf1oTsYX6q8CmVa0MWLuxpd8sgV-MIAKFbVLMnsY82KvKYznk-_T-E17n3kG3R5UrnCIkq7bzp2UE4D8tOYRbzn_WKNpCfJXXNbGaAcbFJi-3ivW2KtSgWDS-bbRT1DFhFsbz-CgPtDHdCscnnRNWB4-XTyJ58kULeW-b-gqpsmvzyrtt_X60SwefL_GIeq7eC8TX7-5c76G2j_jpsZhyGneVXn1nyqLfXQChUtU3wG7RCoE4kdb3Xsi17eHof3yiObzkpUM.ly2dWuKt5yARKWHpaYtXx5bP8LnYXbKM3EiACx0r2Ng&dib_tag=se&keywords=car+wash+shampoo&qid=1757870873&sr=8-26,L,2.5,2.5,33.760000000000005
9/14/2025,Automotive,Automotive,C1-Car wash shampoo,Vehicle wet wash shampoo,Mafra Carwash Shampoo 1L,34.7,Mafra,amazon,https://www.amazon.sa/-/en/Mafra-HO912-Carwash-Shampoo-1L/dp/B08X65RL27/ref=sr_1_27?dib=eyJ2IjoiMSJ9.ehjduN5eC8CwsNYpmykLGGgt2M1EsBEIYULuf1oTsYX6q8CmVa0MWLuxpd8sgV-MIAKFbVLMnsY82KvKYznk-_T-E17n3kG3R5UrnCIkq7bzp2UE4D8tOYRbzn_WKNpCfJXXNbGaAcbFJi-3ivW2KtSgWDS-bbRT1DFhFsbz-CgPtDHdCscnnRNWB4-XTyJ58kULeW-b-gqpsmvzyrtt_X60SwefL_GIeq7eC8TX7-5c76G2j_jpsZhyGneVXn1nyqLfXQChUtU3wG7RCoE4kdb3Xsi17eHof3yiObzkpUM.ly2dWuKt5yARKWHpaYtXx5bP8LnYXbKM3EiACx0r2Ng&dib_tag=se&keywords=car+wash+shampoo&qid=1757870873&sr=8-27,L,1.0,1.0,34.7
9/14/2025,Automotive,Automotive,C1-Car wash shampoo,Vehicle wet wash shampoo,AUTO RAE-CHEM ArmorAll Shield Snow Foam Car Wash 520ml,29.33,Armor All,amazon,https://www.amazon.sa/-/en/AUTO-RAE-CHEM-ArmorAll-Shield-520ml/dp/B091TNLG3C/ref=sr_1_30?dib=eyJ2IjoiMSJ9.ehjduN5eC8CwsNYpmykLGGgt2M1EsBEIYULuf1oTsYX6q8CmVa0MWLuxpd8sgV-MIAKFbVLMnsY82KvKYznk-_T-E17n3kG3R5UrnCIkq7bzp2UE4D8tOYRbzn_WKNpCfJXXNbGaAcbFJi-3ivW2KtSgWDS-bbRT1DFhFsbz-CgPtDHdCscnnRNWB4-XTyJ58kULeW-b-gqpsmvzyrtt_X60SwefL_GIeq7eC8TX7-5c76G2j_jpsZhyGneVXn1nyqLfXQChUtU3wG7RCoE4kdb3Xsi17eHof3yiObzkpUM.ly2dWuKt5yARKWHpaYtXx5bP8LnYXbKM3EiACx0r2Ng&dib_tag=se&keywords=car+wash+shampoo&qid=1757870873&sr=8-30,ml,520.0,0.52,56.40384615384615
9/14/2025,Automotive,Automotive,C1-Car wash shampoo,Vehicle wet wash shampoo,"Meguiar's G7164EU Gold Class Car Wash Shampoo & Conditioner 1.89L Biodegradable Formula, 1800 ml",45.89,Meguiar's,amazon,https://www.amazon.sa/-/en/Meguiars-G7164EU-Shampoo-Conditioner-Biodegradable/dp/B0009IQXFO/ref=sr_1_32?dib=eyJ2IjoiMSJ9.ehjduN5eC8CwsNYpmykLGGgt2M1EsBEIYULuf1oTsYX6q8CmVa0MWLuxpd8sgV-MIAKFbVLMnsY82KvKYznk-_T-E17n3kG3R5UrnCIkq7bzp2UE4D8tOYRbzn_WKNpCfJXXNbGaAcbFJi-3ivW2KtSgWDS-bbRT1DFhFsbz-CgPtDHdCscnnRNWB4-XTyJ58kULeW-b-gqpsmvzyrtt_X60SwefL_GIeq7eC8TX7-5c76G2j_jpsZhyGneVXn1nyqLfXQChUtU3wG7RCoE4kdb3Xsi17eHof3yiObzkpUM.ly2dWuKt5yARKWHpaYtXx5bP8LnYXbKM3EiACx0r2Ng&dib_tag=se&keywords=car+wash+shampoo&qid=1757870873&sr=8-32,fl oz,64.0,64.0,0.71703125
9/14/2025,Automotive,Automotive,C1-Car wash shampoo,Vehicle wet wash shampoo,"3D Wash N Wax Car Wash Soap - pH Balanced, Easy Rinse, Scratch Free Soap with Wax Protection - 64oz.",148.0,3D,amazon,https://www.amazon.sa/-/en/3D-Wash-Wax-Car-Soap/dp/B08F7XJ54D/ref=sr_1_37?dib=eyJ2IjoiMSJ9.ehjduN5eC8CwsNYpmykLGGgt2M1EsBEIYULuf1oTsYX6q8CmVa0MWLuxpd8sgV-MIAKFbVLMnsY82KvKYznk-_T-E17n3kG3R5UrnCIkq7bzp2UE4D8tOYRbzn_WKNpCfJXXNbGaAcbFJi-3ivW2KtSgWDS-bbRT1DFhFsbz-CgPtDHdCscnnRNWB4-XTyJ58kULeW-b-gqpsmvzyrtt_X60SwefL_GIeq7eC8TX7-5c76G2j_jpsZhyGneVXn1nyqLfXQChUtU3wG7RCoE4kdb3Xsi17eHof3yiObzkpUM.ly2dWuKt5yARKWHpaYtXx5bP8LnYXbKM3EiACx0r2Ng&dib_tag=se&keywords=car+wash+shampoo&qid=1757870873&sr=8-37,fl oz,64.0,64.0,2.3125
9/14/2025,Automotive,Automotive,C1-Car wash shampoo,Vehicle wet wash shampoo,Karcher 3 In 1 Car Shampoo - 1L,47.6,Kärcher,amazon,https://www.amazon.sa/-/en/K%C3%A4rcher-6-295-750-0-Karcher-Car-Shampoo/dp/B00B17M5AY/ref=sr_1_38?dib=eyJ2IjoiMSJ9.ehjduN5eC8CwsNYpmykLGGgt2M1EsBEIYULuf1oTsYX6q8CmVa0MWLuxpd8sgV-MIAKFbVLMnsY82KvKYznk-_T-E17n3kG3R5UrnCIkq7bzp2UE4D8tOYRbzn_WKNpCfJXXNbGaAcbFJi-3ivW2KtSgWDS-bbRT1DFhFsbz-CgPtDHdCscnnRNWB4-XTyJ58kULeW-b-gqpsmvzyrtt_X60SwefL_GIeq7eC8TX7-5c76G2j_jpsZhyGneVXn1nyqLfXQChUtU3wG7RCoE4kdb3Xsi17eHof3yiObzkpUM.ly2dWuKt5yARKWHpaYtXx5bP8LnYXbKM3EiACx0r2Ng&dib_tag=se&keywords=car+wash+shampoo&qid=1757870873&sr=8-38,L,1.0,1.0,47.6
9/14/2025,Automotive,Automotive,C1-Car wash shampoo,Vehicle wet wash shampoo,"Meguiar's Deep Crystal Car Wash - Car Wash Shampoo that Cleans Paint, Enhances Gloss, and Preserves Wax Protection, pH Balanced Car Wash Soap with Excellent Foaming Action, 64 Oz",91.0,Meguiar's,amazon,https://www.amazon.sa/-/en/Meguiars-Deep-Crystal-Car-Wash/dp/B0009U7Y2I/ref=sr_1_39?dib=eyJ2IjoiMSJ9.ehjduN5eC8CwsNYpmykLGGgt2M1EsBEIYULuf1oTsYX6q8CmVa0MWLuxpd8sgV-MIAKFbVLMnsY82KvKYznk-_T-E17n3kG3R5UrnCIkq7bzp2UE4D8tOYRbzn_WKNpCfJXXNbGaAcbFJi-3ivW2KtSgWDS-bbRT1DFhFsbz-CgPtDHdCscnnRNWB4-XTyJ58kULeW-b-gqpsmvzyrtt_X60SwefL_GIeq7eC8TX7-5c76G2j_jpsZhyGneVXn1nyqLfXQChUtU3wG7RCoE4kdb3Xsi17eHof3yiObzkpUM.ly2dWuKt5yARKWHpaYtXx5bP8LnYXbKM3EiACx0r2Ng&dib_tag=se&keywords=car+wash+shampoo&qid=1757870873&sr=8-39,fl oz,64.0,64.0,1.421875
9/14/2025,Automotive,Automotive,C1-Car wash shampoo,Vehicle wet wash shampoo,Blue Coral High Foam Car Wash Concentrate 20oz,28.52,Blue Coral,amazon,https://www.amazon.sa/-/en/Blue-Coral-High-Foam-Concentrate/dp/B000BPVV0C/ref=sr_1_41?dib=eyJ2IjoiMSJ9.ehjduN5eC8CwsNYpmykLGGgt2M1EsBEIYULuf1oTsYX6q8CmVa0MWLuxpd8sgV-MIAKFbVLMnsY82KvKYznk-_T-E17n3kG3R5UrnCIkq7bzp2UE4D8tOYRbzn_WKNpCfJXXNbGaAcbFJi-3ivW2KtSgWDS-bbRT1DFhFsbz-CgPtDHdCscnnRNWB4-XTyJ58kULeW-b-gqpsmvzyrtt_X60SwefL_GIeq7eC8TX7-5c76G2j_jpsZhyGneVXn1nyqLfXQChUtU3wG7RCoE4kdb3Xsi17eHof3yiObzkpUM.ly2dWuKt5yARKWHpaYtXx5bP8LnYXbKM3EiACx0r2Ng&dib_tag=se&keywords=car+wash+shampoo&qid=1757870873&sr=8-41,fl oz,20.0,20.0,1.426
9/14/2025,Automotive,Automotive,C1-Car wash shampoo,Vehicle wet wash shampoo,"Autoglym Bodywork Car Shampoo Conditioner, 2.5L - Low Foam Cleaning Shampoo For Shine & Protection",109.28,Autoglym,amazon,https://www.amazon.sa/-/en/Autoglym-Bodywork-Shampoo-Conditioner-2-5L/dp/B0011DW2KG/ref=sr_1_42?dib=eyJ2IjoiMSJ9.ehjduN5eC8CwsNYpmykLGGgt2M1EsBEIYULuf1oTsYX6q8CmVa0MWLuxpd8sgV-MIAKFbVLMnsY82KvKYznk-_T-E17n3kG3R5UrnCIkq7bzp2UE4D8tOYRbzn_WKNpCfJXXNbGaAcbFJi-3ivW2KtSgWDS-bbRT1DFhFsbz-CgPtDHdCscnnRNWB4-XTyJ58kULeW-b-gqpsmvzyrtt_X60SwefL_GIeq7eC8TX7-5c76G2j_jpsZhyGneVXn1nyqLfXQChUtU3wG7RCoE4kdb3Xsi17eHof3yiObzkpUM.ly2dWuKt5yARKWHpaYtXx5bP8LnYXbKM3EiACx0r2Ng&dib_tag=se&keywords=car+wash+shampoo&qid=1757870873&sr=8-42,L,2.5,2.5,43.712
9/14/2025,Automotive,Automotive,C1-Car wash shampoo,Vehicle wet wash shampoo,"Turtle Wax 53984 Hybrid Solutions Pro Slick-N-Slide Pure Wash, pH Neutral Foaming Car Wash Shampoo Works With Foam Cannons or Hand Wash for a Spot Free Clean, 1.42L",80.36,Turtle Wax,amazon,https://www.amazon.sa/-/en/Turtle-Wax-53984-Solutions-Slick-N-Slide/dp/B09MJ46TQ3/ref=sr_1_43?dib=eyJ2IjoiMSJ9.ehjduN5eC8CwsNYpmykLGGgt2M1EsBEIYULuf1oTsYX6q8CmVa0MWLuxpd8sgV-MIAKFbVLMnsY82KvKYznk-_T-E17n3kG3R5UrnCIkq7bzp2UE4D8tOYRbzn_WKNpCfJXXNbGaAcbFJi-3ivW2KtSgWDS-bbRT1DFhFsbz-CgPtDHdCscnnRNWB4-XTyJ58kULeW-b-gqpsmvzyrtt_X60SwefL_GIeq7eC8TX7-5c76G2j_jpsZhyGneVXn1nyqLfXQChUtU3wG7RCoE4kdb3Xsi17eHof3yiObzkpUM.ly2dWuKt5yARKWHpaYtXx5bP8LnYXbKM3EiACx0r2Ng&dib_tag=se&keywords=car+wash+shampoo&qid=1757870873&sr=8-43,L,1.42,1.42,56.59154929577465
9/14/2025,Automotive,Automotive,C1-Car wash shampoo,Vehicle wet wash shampoo,"Mafra Shampoo Power, Concentrated Degreasing Shampoo For Cars, 30-Wash Size, 1000Ml",42.0,Mafra,amazon,https://www.amazon.sa/-/en/Mafra-Shampoo-Concentrated-Degreasing-30-Wash/dp/B08NHP2YN9/ref=sr_1_45?dib=eyJ2IjoiMSJ9.ehjduN5eC8CwsNYpmykLGGgt2M1EsBEIYULuf1oTsYX6q8CmVa0MWLuxpd8sgV-MIAKFbVLMnsY82KvKYznk-_T-E17n3kG3R5UrnCIkq7bzp2UE4D8tOYRbzn_WKNpCfJXXNbGaAcbFJi-3ivW2KtSgWDS-bbRT1DFhFsbz-CgPtDHdCscnnRNWB4-XTyJ58kULeW-b-gqpsmvzyrtt_X60SwefL_GIeq7eC8TX7-5c76G2j_jpsZhyGneVXn1nyqLfXQChUtU3wG7RCoE4kdb3Xsi17eHof3yiObzkpUM.ly2dWuKt5yARKWHpaYtXx5bP8LnYXbKM3EiACx0r2Ng&dib_tag=se&keywords=car+wash+shampoo&qid=1757870873&sr=8-45,ml,1000.0,1.0,42.0
9/14/2025,Automotive,Automotive,C1-Car wash shampoo,Vehicle wet wash shampoo,SONAX XTREME RichFoam Shampoo شامبو فوم غسيل سوناكس,96.0,SONAX,amazon,https://www.amazon.sa/-/en/SONAX-XTREME-RichFoam-Shampoo-%D8%B3%D9%88%D9%86%D8%A7%D9%83%D8%B3/dp/B07MWWPVC1/ref=sr_1_49?dib=eyJ2IjoiMSJ9.ehjduN5eC8CwsNYpmykLGGgt2M1EsBEIYULuf1oTsYX6q8CmVa0MWLuxpd8sgV-MIAKFbVLMnsY82KvKYznk-_T-E17n3kG3R5UrnCIkq7bzp2UE4D8tOYRbzn_WKNpCfJXXNbGaAcbFJi-3ivW2KtSgWDS-bbRT1DFhFsbz-CgPtDHdCscnnRNWB4-XTyJ58kULeW-b-gqpsmvzyrtt_X60SwefL_GIeq7eC8TX7-5c76G2j_jpsZhyGneVXn1nyqLfXQChUtU3wG7RCoE4kdb3Xsi17eHof3yiObzkpUM.ly2dWuKt5yARKWHpaYtXx5bP8LnYXbKM3EiACx0r2Ng&dib_tag=se&keywords=car+wash+shampoo&qid=1757870873&sr=8-49,L,1.0,1.0,96.0
9/14/2025,Automotive,Automotive,C1-Car wash shampoo,Vehicle wet wash shampoo,Mafra Phosphate Free Quick Drying Car Wash Shampoo and Wax Green 1000ml,41.95,Mafra,amazon,https://www.amazon.sa/-/en/Mafra-Phosphate-Drying-Shampoo-1000ml/dp/B00GMHM724/ref=sr_1_51?dib=eyJ2IjoiMSJ9.ehjduN5eC8CwsNYpmykLGGgt2M1EsBEIYULuf1oTsYX6q8CmVa0MWLuxpd8sgV-MIAKFbVLMnsY82KvKYznk-_T-E17n3kG3R5UrnCIkq7bzp2UE4D8tOYRbzn_WKNpCfJXXNbGaAcbFJi-3ivW2KtSgWDS-bbRT1DFhFsbz-CgPtDHdCscnnRNWB4-XTyJ58kULeW-b-gqpsmvzyrtt_X60SwefL_GIeq7eC8TX7-5c76G2j_jpsZhyGneVXn1nyqLfXQChUtU3wG7RCoE4kdb3Xsi17eHof3yiObzkpUM.ly2dWuKt5yARKWHpaYtXx5bP8LnYXbKM3EiACx0r2Ng&dib_tag=se&keywords=car+wash+shampoo&qid=1757870873&sr=8-51,ml,1000.0,1.0,41.95
9/14/2025,Automotive,Automotive,C1-Car wash shampoo,Vehicle wet wash shampoo,Rain-X Ceramic Car Shampoo with Active Foam and Car Wax 1 L,75.0,Rain-X,amazon,https://www.amazon.sa/-/en/Rain-X-Ceramic-Shampoo-Active-Foam/dp/B0CLP48M7K/ref=sr_1_55?dib=eyJ2IjoiMSJ9.ehjduN5eC8CwsNYpmykLGGgt2M1EsBEIYULuf1oTsYX6q8CmVa0MWLuxpd8sgV-MIAKFbVLMnsY82KvKYznk-_T-E17n3kG3R5UrnCIkq7bzp2UE4D8tOYRbzn_WKNpCfJXXNbGaAcbFJi-3ivW2KtSgWDS-bbRT1DFhFsbz-CgPtDHdCscnnRNWB4-XTyJ58kULeW-b-gqpsmvzyrtt_X60SwefL_GIeq7eC8TX7-5c76G2j_jpsZhyGneVXn1nyqLfXQChUtU3wG7RCoE4kdb3Xsi17eHof3yiObzkpUM.ly2dWuKt5yARKWHpaYtXx5bP8LnYXbKM3EiACx0r2Ng&dib_tag=se&keywords=car+wash+shampoo&qid=1757870873&sr=8-55,L,1.0,1.0,75.0
9/14/2025,Automotive,Automotive,C1-Car wash shampoo,Vehicle wet wash shampoo,Turtle Wax High Shine Carwash 1.89 Liter,57.95,Turtle Wax,saco,https://www.saco.sa/en/Turtle-Wax-High-Shine-Carwash-1-89-Liter/p/000000000000020740,L,1.89,1.89,30.661375661375665
9/14/2025,Automotive,Automotive,C1-Car wash shampoo,Vehicle wet wash shampoo,Turtle Wax Concentrated Car Wash Blue 2.95 Liter,69.95,Turtle Wax,saco,https://www.saco.sa/en/Turtle-Wax-Concentrated-Car-Wash-Blue-2-95-Liter/p/000000000000008282,L,2.95,2.95,23.71186440677966
9/14/2025,Automotive,Automotive,C1-Car wash shampoo,Vehicle wet wash shampoo,Turtle Wax Max-Power Car Wash 2.95 Liter 50597,69.95,Turtle Wax,saco,https://www.saco.sa/en/Turtle-Wax-Max-Power-Car-Wash-2-95-Liter-50597/p/000000000000050917,L,2.95,2.95,23.71186440677966
9/14/2025,Automotive,Automotive,C1-Car wash shampoo,Vehicle wet wash shampoo,Karcher Car Shampoo Blue 5 Liter JE6.295-360,99.0,Karcher,saco,https://www.saco.sa/en/Karcher-Car-Shampoo-Blue-5-Liter-JE6-295-360/p/000000000000003644,L,5.0,5.0,19.8
9/14/2025,Automotive,Automotive,C1-Car wash shampoo,Vehicle wet wash shampoo,Armorall Powerful Concentrate High-Performance Car Wash Liquid Blue 1.89 Liter,54.95,ArmorAll,saco,https://www.saco.sa/en/Armorall-Powerful-Concentrate-High-Performance-Car-Wash-Liquid-Blue-1-89-Liter/p/000000000000031173,L,1.89,1.89,29.07407407407408
9/14/2025,Automotive,Automotive,C1-Car wash shampoo,Vehicle wet wash shampoo,Rain-X Foaming Car Wash Concentrate 2.95 Liter,64.95,Rain-X,saco,https://www.saco.sa/en/Rain-X-Foaming-Car-Wash-Concentrate-2-95-Liter/p/000000000000012450,L,2.95,2.95,22.016949152542374
9/14/2025,Automotive,Automotive,C1-Waterless car wash product,Vehicle dry wash exterior cleaner,"Armor All Waterless Car Wash And Wax Spray, Car Cleaning Spray, 500ml, GAA27500EN",43.09,Armor All,amazon,https://www.amazon.sa/-/en/Armor-All-Waterless-Cleaning-GAA27500EN/dp/B078211DK9/ref=sr_1_5?dib=eyJ2IjoiMSJ9.h3zVu3vWg6uByebkmgQ_tqtEueHtqL0dfCgkE8I9EQlJ5YQkJiv3lBShnYkQkwnYEWt4MEk8f-jm-eyzE_si0Kuq67bzpJbEnzZZVAPgNChLsC5GgKgsXvTPvIwfRZuQWr47B0LmbZMlwhXE-ebnGZ76c5M6NMxKMzQeV7uQCly26nb-MxpwrcbC-Z6DFPL7rg03VxamOQ4IQiGHpnXTpF1U-faTwPHqMdSy58L5x1ZCcBjpSRGDVimSP70rI8kaWKd7uE8K7HDsDuInuw_xBFbILV4Rskwjnz8EpqYMvy0.iN1Nrw3guieEtjWRjc33IFGQ9tupszaqe50JL-Ps0fo&dib_tag=se&keywords=waterless+car+wash+product&qid=1757871247&sr=8-5,ml,500.0,0.5,86.18
9/14/2025,Automotive,Automotive,C1-Waterless car wash product,Vehicle dry wash exterior cleaner,"Optimum Polymer Technologies, Inc. No Rinse Wash and Shine - ONR Car Wash, 8 Oz., Safe on Paint, Coatings, Wraps, and Interior, Rinseless Wash provides an Eco Friendly Car Wash Option",45.0,"Optimum Polymer Technologies, Inc.",amazon,https://www.amazon.sa/-/en/Optimum-Polymer-Technologies-Inc-Rinse/dp/B00DB3OEOQ/ref=sr_1_6?dib=eyJ2IjoiMSJ9.h3zVu3vWg6uByebkmgQ_tqtEueHtqL0dfCgkE8I9EQlJ5YQkJiv3lBShnYkQkwnYEWt4MEk8f-jm-eyzE_si0Kuq67bzpJbEnzZZVAPgNChLsC5GgKgsXvTPvIwfRZuQWr47B0LmbZMlwhXE-ebnGZ76c5M6NMxKMzQeV7uQCly26nb-MxpwrcbC-Z6DFPL7rg03VxamOQ4IQiGHpnXTpF1U-faTwPHqMdSy58L5x1ZCcBjpSRGDVimSP70rI8kaWKd7uE8K7HDsDuInuw_xBFbILV4Rskwjnz8EpqYMvy0.iN1Nrw3guieEtjWRjc33IFGQ9tupszaqe50JL-Ps0fo&dib_tag=se&keywords=waterless+car+wash+product&qid=1757871247&sr=8-6,fl oz,8.0,8.0,5.625
9/14/2025,Automotive,Automotive,C1-Waterless car wash product,Vehicle dry wash exterior cleaner,"Chemical Guys CWS20916 Swift Wipe Sprayable Waterless Car Wash, Easily Clean - Just Spray & Wipe, Safe for Cars, Trucks, Motorcycles, RVs & More, 16 fl oz",82.29,Chemical Guys,amazon,https://www.amazon.sa/-/en/Chemical-Guys-CWS20916-Sprayable-Waterless/dp/B079JY1HDJ/ref=sr_1_7?dib=eyJ2IjoiMSJ9.h3zVu3vWg6uByebkmgQ_tqtEueHtqL0dfCgkE8I9EQlJ5YQkJiv3lBShnYkQkwnYEWt4MEk8f-jm-eyzE_si0Kuq67bzpJbEnzZZVAPgNChLsC5GgKgsXvTPvIwfRZuQWr47B0LmbZMlwhXE-ebnGZ76c5M6NMxKMzQeV7uQCly26nb-MxpwrcbC-Z6DFPL7rg03VxamOQ4IQiGHpnXTpF1U-faTwPHqMdSy58L5x1ZCcBjpSRGDVimSP70rI8kaWKd7uE8K7HDsDuInuw_xBFbILV4Rskwjnz8EpqYMvy0.iN1Nrw3guieEtjWRjc33IFGQ9tupszaqe50JL-Ps0fo&dib_tag=se&keywords=waterless+car+wash+product&qid=1757871247&sr=8-7,fl oz,16.0,16.0,5.143125
9/14/2025,Automotive,Automotive,C1-Waterless car wash product,Vehicle dry wash exterior cleaner,"Meguiar's G3626 Ultimate Waterless Wash & Wax, 26 Fluid Ounces",86.3,Meguiar's,amazon,https://www.amazon.sa/-/en/Meguiars-G3626-Ultimate-Waterless-Ounces/dp/B006FUT0CS/ref=sr_1_9?dib=eyJ2IjoiMSJ9.h3zVu3vWg6uByebkmgQ_tqtEueHtqL0dfCgkE8I9EQlJ5YQkJiv3lBShnYkQkwnYEWt4MEk8f-jm-eyzE_si0Kuq67bzpJbEnzZZVAPgNChLsC5GgKgsXvTPvIwfRZuQWr47B0LmbZMlwhXE-ebnGZ76c5M6NMxKMzQeV7uQCly26nb-MxpwrcbC-Z6DFPL7rg03VxamOQ4IQiGHpnXTpF1U-faTwPHqMdSy58L5x1ZCcBjpSRGDVimSP70rI8kaWKd7uE8K7HDsDuInuw_xBFbILV4Rskwjnz8EpqYMvy0.iN1Nrw3guieEtjWRjc33IFGQ9tupszaqe50JL-Ps0fo&dib_tag=se&keywords=waterless+car+wash+product&qid=1757871247&sr=8-9,fl oz,26.0,26.0,3.319230769230769
9/14/2025,Automotive,Automotive,C1-Waterless car wash product,Vehicle dry wash exterior cleaner,"3D Final Touch Quick Detail Spray - Easy Spray On, Wipe Off Showroom Shine 16oz.",50.0,3D,amazon,https://www.amazon.sa/-/en/3D-Final-Touch-Quick-Detail/dp/B004BFS8H2/ref=sr_1_11?dib=eyJ2IjoiMSJ9.h3zVu3vWg6uByebkmgQ_tqtEueHtqL0dfCgkE8I9EQlJ5YQkJiv3lBShnYkQkwnYEWt4MEk8f-jm-eyzE_si0Kuq67bzpJbEnzZZVAPgNChLsC5GgKgsXvTPvIwfRZuQWr47B0LmbZMlwhXE-ebnGZ76c5M6NMxKMzQeV7uQCly26nb-MxpwrcbC-Z6DFPL7rg03VxamOQ4IQiGHpnXTpF1U-faTwPHqMdSy58L5x1ZCcBjpSRGDVimSP70rI8kaWKd7uE8K7HDsDuInuw_xBFbILV4Rskwjnz8EpqYMvy0.iN1Nrw3guieEtjWRjc33IFGQ9tupszaqe50JL-Ps0fo&dib_tag=se&keywords=waterless+car+wash+product&qid=1757871247&sr=8-11,fl oz,16.0,16.0,3.125
9/14/2025,Automotive,Automotive,C1-Waterless car wash product,Vehicle dry wash exterior cleaner,"Lawazim Multi-Purpose Automotive Cleaning Spray Set - 3 Piece - Car Cleaning Set with Waterless Wash, Quick Detailing, Instant Shine, and 300ml size - Ideal for Car Interior, Exterior, Tires, and More",29.0,Lawazim,amazon,https://www.amazon.sa/-/en/Lawazim-Multi-Purpose-Automotive-Cleaning-Spray/dp/B0CRBBYJHL/ref=sr_1_12?dib=eyJ2IjoiMSJ9.h3zVu3vWg6uByebkmgQ_tqtEueHtqL0dfCgkE8I9EQlJ5YQkJiv3lBShnYkQkwnYEWt4MEk8f-jm-eyzE_si0Kuq67bzpJbEnzZZVAPgNChLsC5GgKgsXvTPvIwfRZuQWr47B0LmbZMlwhXE-ebnGZ76c5M6NMxKMzQeV7uQCly26nb-MxpwrcbC-Z6DFPL7rg03VxamOQ4IQiGHpnXTpF1U-faTwPHqMdSy58L5x1ZCcBjpSRGDVimSP70rI8kaWKd7uE8K7HDsDuInuw_xBFbILV4Rskwjnz8EpqYMvy0.iN1Nrw3guieEtjWRjc33IFGQ9tupszaqe50JL-Ps0fo&dib_tag=se&keywords=waterless+car+wash+product&qid=1757871247&sr=8-12,ml,300.0,0.3,96.66666666666669
9/14/2025,Automotive,Automotive,C1-Waterless car wash product,Vehicle dry wash exterior cleaner,"LAZER- WATERLESS CAR WASH 5Liter Gallon with (500ML) Free Spray Bottle EASY WATERLESS DETAILING SPRAY – NO SOAP OR WATER NEEDED JUST SPRAY & WIPE - SAFE FOR CARS, TRUCKS, SUVs, MOTORCYCLES, RVs &MORE",135.56,LAZER,amazon,https://www.amazon.sa/-/en/LAZER-WATERLESS-5Liter-Gallon-DETAILING/dp/B0BWF8TXDW/ref=sr_1_14?dib=eyJ2IjoiMSJ9.h3zVu3vWg6uByebkmgQ_tqtEueHtqL0dfCgkE8I9EQlJ5YQkJiv3lBShnYkQkwnYEWt4MEk8f-jm-eyzE_si0Kuq67bzpJbEnzZZVAPgNChLsC5GgKgsXvTPvIwfRZuQWr47B0LmbZMlwhXE-ebnGZ76c5M6NMxKMzQeV7uQCly26nb-MxpwrcbC-Z6DFPL7rg03VxamOQ4IQiGHpnXTpF1U-faTwPHqMdSy58L5x1ZCcBjpSRGDVimSP70rI8kaWKd7uE8K7HDsDuInuw_xBFbILV4Rskwjnz8EpqYMvy0.iN1Nrw3guieEtjWRjc33IFGQ9tupszaqe50JL-Ps0fo&dib_tag=se&keywords=waterless+car+wash+product&qid=1757871247&sr=8-14,L,5.0,5.0,27.112
9/14/2025,Automotive,Automotive,C1-Waterless car wash product,Vehicle dry wash exterior cleaner,Ecoshine Waterless Car Wash Kit | Wash & Spray Wax 100+ Cars | All-In-One Car Cleaning Kit With Car Wash Sprayer & Concentrate Car Wash Soap | Exterior & Interior Car Cleaner For Fast Car Detailing,425.22,Ecoshine,amazon,https://www.amazon.sa/-/en/Ecoshine-Waterless-Cleaning-Concentrate-Detailing/dp/B0CGVSKX7L/ref=sr_1_27?dib=eyJ2IjoiMSJ9.h3zVu3vWg6uByebkmgQ_tqtEueHtqL0dfCgkE8I9EQlJ5YQkJiv3lBShnYkQkwnYEWt4MEk8f-jm-eyzE_si0Kuq67bzpJbEnzZZVAPgNChLsC5GgKgsXvTPvIwfRZuQWr47B0LmbZMlwhXE-ebnGZ76c5M6NMxKMzQeV7uQCly26nb-MxpwrcbC-Z6DFPL7rg03VxamOQ4IQiGHpnXTpF1U-faTwPHqMdSy58L5x1ZCcBjpSRGDVimSP70rI8kaWKd7uE8K7HDsDuInuw_xBFbILV4Rskwjnz8EpqYMvy0.iN1Nrw3guieEtjWRjc33IFGQ9tupszaqe50JL-Ps0fo&dib_tag=se&keywords=waterless+car+wash+product&qid=1757871247&sr=8-27,fl oz,8.0,8.0,53.1525
9/14/2025,Automotive,Automotive,C1-Waterless car wash product,Vehicle dry wash exterior cleaner,"Armour Detail Supply HERO Rinseless Car Wash - Eco-Friendly Alternative to Soap Car Washes, Safe on all Vehicles, Deep Cleaning - 16 Oz",132.16,Armour Detail Supply,amazon,https://www.amazon.sa/-/en/Armour-Detail-Supply-HERO-Rinseless/dp/B0D4FFYNWV/ref=sr_1_28?dib=eyJ2IjoiMSJ9.h3zVu3vWg6uByebkmgQ_tqtEueHtqL0dfCgkE8I9EQlJ5YQkJiv3lBShnYkQkwnYEWt4MEk8f-jm-eyzE_si0Kuq67bzpJbEnzZZVAPgNChLsC5GgKgsXvTPvIwfRZuQWr47B0LmbZMlwhXE-ebnGZ76c5M6NMxKMzQeV7uQCly26nb-MxpwrcbC-Z6DFPL7rg03VxamOQ4IQiGHpnXTpF1U-faTwPHqMdSy58L5x1ZCcBjpSRGDVimSP70rI8kaWKd7uE8K7HDsDuInuw_xBFbILV4Rskwjnz8EpqYMvy0.iN1Nrw3guieEtjWRjc33IFGQ9tupszaqe50JL-Ps0fo&dib_tag=se&keywords=waterless+car+wash+product&qid=1757871247&sr=8-28,fl oz,16.0,16.0,8.26
9/14/2025,Automotive,Automotive,C1-Waterless car wash product,Vehicle dry wash exterior cleaner,"Rain-X 620100 Waterless Car Wash and Rain Repellent, 32 fl. oz.",52.05,Rain-X,amazon,https://www.amazon.sa/-/en/Rain-X-620100-Waterless-Wash-Repellent/dp/B07CLCCZBK/ref=sr_1_31?dib=eyJ2IjoiMSJ9.h3zVu3vWg6uByebkmgQ_tqtEueHtqL0dfCgkE8I9EQlJ5YQkJiv3lBShnYkQkwnYEWt4MEk8f-jm-eyzE_si0Kuq67bzpJbEnzZZVAPgNChLsC5GgKgsXvTPvIwfRZuQWr47B0LmbZMlwhXE-ebnGZ76c5M6NMxKMzQeV7uQCly26nb-MxpwrcbC-Z6DFPL7rg03VxamOQ4IQiGHpnXTpF1U-faTwPHqMdSy58L5x1ZCcBjpSRGDVimSP70rI8kaWKd7uE8K7HDsDuInuw_xBFbILV4Rskwjnz8EpqYMvy0.iN1Nrw3guieEtjWRjc33IFGQ9tupszaqe50JL-Ps0fo&dib_tag=se&keywords=waterless+car+wash+product&qid=1757871247&sr=8-31,ml,946.0,0.946,55.02114164904862
9/14/2025,Automotive,Automotive,C1-Waterless car wash product,Vehicle dry wash exterior cleaner,"Lawazim Multi-Purpose Automotive Cleaning Spray Set - 4 Piece - Car Cleaning Set with Waterless Wash, Quick Detailing, Instant Shine, and 300ml size - Ideal for Car Interior, Exterior, Tires",27.9,Lawazim,amazon,https://www.amazon.sa/-/en/Lawazim-Multi-Purpose-Automotive-Cleaning-Spray/dp/B0CRBCK5QT/ref=sr_1_35?dib=eyJ2IjoiMSJ9.h3zVu3vWg6uByebkmgQ_tqtEueHtqL0dfCgkE8I9EQlJ5YQkJiv3lBShnYkQkwnYEWt4MEk8f-jm-eyzE_si0Kuq67bzpJbEnzZZVAPgNChLsC5GgKgsXvTPvIwfRZuQWr47B0LmbZMlwhXE-ebnGZ76c5M6NMxKMzQeV7uQCly26nb-MxpwrcbC-Z6DFPL7rg03VxamOQ4IQiGHpnXTpF1U-faTwPHqMdSy58L5x1ZCcBjpSRGDVimSP70rI8kaWKd7uE8K7HDsDuInuw_xBFbILV4Rskwjnz8EpqYMvy0.iN1Nrw3guieEtjWRjc33IFGQ9tupszaqe50JL-Ps0fo&dib_tag=se&keywords=waterless+car+wash+product&qid=1757871247&sr=8-35,ml,300.0,0.3,93.0
9/14/2025,Automotive,Automotive,C1-Waterless car wash product,Vehicle dry wash exterior cleaner,Ethos Handcrafted Car Care Hybrid Ceramic Rinseless Wash - Spot Free Rinse for s Waterless Wash - No Rinse Wash - Spot Free Wash (16oz),105.46,Ethos Handcrafted Car Care,amazon,https://www.amazon.sa/-/en/Ethos-Handcrafted-Car-Care-Rinseless/dp/B0DDRFPPV5/ref=sr_1_36?dib=eyJ2IjoiMSJ9.h3zVu3vWg6uByebkmgQ_tqtEueHtqL0dfCgkE8I9EQlJ5YQkJiv3lBShnYkQkwnYEWt4MEk8f-jm-eyzE_si0Kuq67bzpJbEnzZZVAPgNChLsC5GgKgsXvTPvIwfRZuQWr47B0LmbZMlwhXE-ebnGZ76c5M6NMxKMzQeV7uQCly26nb-MxpwrcbC-Z6DFPL7rg03VxamOQ4IQiGHpnXTpF1U-faTwPHqMdSy58L5x1ZCcBjpSRGDVimSP70rI8kaWKd7uE8K7HDsDuInuw_xBFbILV4Rskwjnz8EpqYMvy0.iN1Nrw3guieEtjWRjc33IFGQ9tupszaqe50JL-Ps0fo&dib_tag=se&keywords=waterless+car+wash+product&qid=1757871247&sr=8-36,fl oz,16.0,16.0,6.59125
9/14/2025,Automotive,Automotive,C1-Waterless car wash product,Vehicle dry wash exterior cleaner,Turtle Wax Quick Easy Clean & Shine Detailer detergente cera auto Spray 500 ml,40.0,Turtle Wax,amazon,https://www.amazon.sa/-/en/Turtle-Wax-Quick-Detailer-detergente/dp/B079H2GRY4/ref=sr_1_44?dib=eyJ2IjoiMSJ9.h3zVu3vWg6uByebkmgQ_tqtEueHtqL0dfCgkE8I9EQlJ5YQkJiv3lBShnYkQkwnYEWt4MEk8f-jm-eyzE_si0Kuq67bzpJbEnzZZVAPgNChLsC5GgKgsXvTPvIwfRZuQWr47B0LmbZMlwhXE-ebnGZ76c5M6NMxKMzQeV7uQCly26nb-MxpwrcbC-Z6DFPL7rg03VxamOQ4IQiGHpnXTpF1U-faTwPHqMdSy58L5x1ZCcBjpSRGDVimSP70rI8kaWKd7uE8K7HDsDuInuw_xBFbILV4Rskwjnz8EpqYMvy0.iN1Nrw3guieEtjWRjc33IFGQ9tupszaqe50JL-Ps0fo&dib_tag=se&keywords=waterless+car+wash+product&qid=1757871247&sr=8-44,ml,500.0,0.5,80.0
9/14/2025,Automotive,Automotive,C1-Waterless car wash product,Vehicle dry wash exterior cleaner,"McKee's 37 - N-914 Rinseless Wash V2 | Fast & Easy Rinseless Car Wash, Powerful Car Soap, Safe for All Finishes, No Hose Needed (128 oz)",479.87,McKee's 37,amazon,https://www.amazon.sa/-/en/McKees-37-Rinseless-Powerful-Finishes/dp/B01N4SPEXT/ref=sr_1_47?dib=eyJ2IjoiMSJ9.h3zVu3vWg6uByebkmgQ_tqtEueHtqL0dfCgkE8I9EQlJ5YQkJiv3lBShnYkQkwnYEWt4MEk8f-jm-eyzE_si0Kuq67bzpJbEnzZZVAPgNChLsC5GgKgsXvTPvIwfRZuQWr47B0LmbZMlwhXE-ebnGZ76c5M6NMxKMzQeV7uQCly26nb-MxpwrcbC-Z6DFPL7rg03VxamOQ4IQiGHpnXTpF1U-faTwPHqMdSy58L5x1ZCcBjpSRGDVimSP70rI8kaWKd7uE8K7HDsDuInuw_xBFbILV4Rskwjnz8EpqYMvy0.iN1Nrw3guieEtjWRjc33IFGQ9tupszaqe50JL-Ps0fo&dib_tag=se&keywords=waterless+car+wash+product&qid=1757871247&sr=8-47,fl oz,128.0,128.0,3.748984375
9/14/2025,Automotive,Automotive,C1-Waterless car wash product,Vehicle dry wash exterior cleaner,"Rain-X 620100-3PK Waterless Car Wash & Rain Repellent, 32 fl oz (Pack of 3)",300.67,Rain-X,amazon,https://www.amazon.sa/-/en/Rain-X-620100-3PK-Waterless-Wash-Repellent/dp/B08F9269Y3/ref=sr_1_51?dib=eyJ2IjoiMSJ9.h3zVu3vWg6uByebkmgQ_tqtEueHtqL0dfCgkE8I9EQlJ5YQkJiv3lBShnYkQkwnYEWt4MEk8f-jm-eyzE_si0Kuq67bzpJbEnzZZVAPgNChLsC5GgKgsXvTPvIwfRZuQWr47B0LmbZMlwhXE-ebnGZ76c5M6NMxKMzQeV7uQCly26nb-MxpwrcbC-Z6DFPL7rg03VxamOQ4IQiGHpnXTpF1U-faTwPHqMdSy58L5x1ZCcBjpSRGDVimSP70rI8kaWKd7uE8K7HDsDuInuw_xBFbILV4Rskwjnz8EpqYMvy0.iN1Nrw3guieEtjWRjc33IFGQ9tupszaqe50JL-Ps0fo&dib_tag=se&keywords=waterless+car+wash+product&qid=1757871247&sr=8-51,fl oz,32.0,32.0,9.3959375
9/14/2025,Automotive,Automotive,C1-Waterless car wash product,Vehicle dry wash exterior cleaner,Flowgenix™ Waterless Car Wash Spray - Grand Finale - Motorcycle Cleaner & Car Wax Polish (8 oz) - Ceramic Coating - Incl. 2 Microfiber Towels - Best Cleaner & Quick Detailer to Make Your Vehicle Shine,174.0,Flowgenix,amazon,https://www.amazon.sa/-/en/FlowgenixTM-Waterless-Car-Wash-Spray/dp/B081SH13W6/ref=sr_1_53?dib=eyJ2IjoiMSJ9.h3zVu3vWg6uByebkmgQ_tqtEueHtqL0dfCgkE8I9EQlJ5YQkJiv3lBShnYkQkwnYEWt4MEk8f-jm-eyzE_si0Kuq67bzpJbEnzZZVAPgNChLsC5GgKgsXvTPvIwfRZuQWr47B0LmbZMlwhXE-ebnGZ76c5M6NMxKMzQeV7uQCly26nb-MxpwrcbC-Z6DFPL7rg03VxamOQ4IQiGHpnXTpF1U-faTwPHqMdSy58L5x1ZCcBjpSRGDVimSP70rI8kaWKd7uE8K7HDsDuInuw_xBFbILV4Rskwjnz8EpqYMvy0.iN1Nrw3guieEtjWRjc33IFGQ9tupszaqe50JL-Ps0fo&dib_tag=se&keywords=waterless+car+wash+product&qid=1757871247&sr=8-53,fl oz,8.0,8.0,21.75
9/14/2025,Automotive,Automotive,C2-Wheel cleaner,Degreaser,Wheel&Tire 24Oz Cleaner Extrme Armor All,41.71,Armor All,amazon,https://www.amazon.sa/-/en/Wheel-Cleaner-Extrme-Armor-All/dp/B0009PCPHW/ref=sr_1_7?dib=eyJ2IjoiMSJ9.hRkwab-NMg9iBS5OShxLOQL9IaUQFeQ84_X4prQWKrhsc1sRUsjrBv8fiyQxca-o0SjyLKkgJJpTAhvYDKdaOOW5i8M7twL981LYAy_HTs498YY7EmmUaoWhE1ebi_OQjFwvJB2WRbc4vEKynq0KwjQ8VzTWrcCuSbVXqZFQhKk8veNvXn6DUgDiq7FKUSyIM9Vuj_I0FJy_LgheZeJQZ4_uCgzyR0DEJ0-WwFrWLD-EkjOKBPPfhL5qUPPL5_wbopQYyf8QSO2sAqRf9HdcS5q3f4kQt28ZRZJkUcLVzCo.ogv3Qk0BqrJXQ2mDQEkBP2z-uhg-fw-S_4ZSZa-zJwo&dib_tag=se&keywords=wheel+cleaner&qid=1757871483&sr=8-7,fl oz,24.0,24.0,1.7379166666666668
9/14/2025,Automotive,Automotive,C2-Wheel cleaner,Degreaser,"Herios Wheel Cleaner and Polish,500ml",20.41,Herios,amazon,https://www.amazon.sa/-/en/Herios-Wheel-Cleaner-Polish-500ml/dp/B0DGFCQ3TH/ref=sr_1_9?dib=eyJ2IjoiMSJ9.hRkwab-NMg9iBS5OShxLOQL9IaUQFeQ84_X4prQWKrhsc1sRUsjrBv8fiyQxca-o0SjyLKkgJJpTAhvYDKdaOOW5i8M7twL981LYAy_HTs498YY7EmmUaoWhE1ebi_OQjFwvJB2WRbc4vEKynq0KwjQ8VzTWrcCuSbVXqZFQhKk8veNvXn6DUgDiq7FKUSyIM9Vuj_I0FJy_LgheZeJQZ4_uCgzyR0DEJ0-WwFrWLD-EkjOKBPPfhL5qUPPL5_wbopQYyf8QSO2sAqRf9HdcS5q3f4kQt28ZRZJkUcLVzCo.ogv3Qk0BqrJXQ2mDQEkBP2z-uhg-fw-S_4ZSZa-zJwo&dib_tag=se&keywords=wheel+cleaner&qid=1757871483&sr=8-9,ml,500.0,0.5,40.82
9/14/2025,Automotive,Automotive,C2-Wheel cleaner,Degreaser,Turtle Wax Hybrid Solutions Pro New Rapid-Decon Technology and All Wheels Cleaner + Iron Remover,77.0,Turtle Wax,amazon,https://www.amazon.sa/-/en/Turtle-Wax-Solutions-Rapid-Decon-Technology/dp/B09F1GW1VG/ref=sr_1_10?dib=eyJ2IjoiMSJ9.hRkwab-NMg9iBS5OShxLOQL9IaUQFeQ84_X4prQWKrhsc1sRUsjrBv8fiyQxca-o0SjyLKkgJJpTAhvYDKdaOOW5i8M7twL981LYAy_HTs498YY7EmmUaoWhE1ebi_OQjFwvJB2WRbc4vEKynq0KwjQ8VzTWrcCuSbVXqZFQhKk8veNvXn6DUgDiq7FKUSyIM9Vuj_I0FJy_LgheZeJQZ4_uCgzyR0DEJ0-WwFrWLD-EkjOKBPPfhL5qUPPL5_wbopQYyf8QSO2sAqRf9HdcS5q3f4kQt28ZRZJkUcLVzCo.ogv3Qk0BqrJXQ2mDQEkBP2z-uhg-fw-S_4ZSZa-zJwo&dib_tag=se&keywords=wheel+cleaner&qid=1757871483&sr=8-10,fl oz,23.0,23.0,3.347826086956522
9/14/2025,Automotive,Automotive,C2-Wheel cleaner,Degreaser,Sonax Xtreme Rim Cleaner Acid Free (500 mL) 230 200,77.0,SONAX,amazon,https://www.amazon.sa/-/en/Sonax-Xtreme-Cleaner-Acid-Free/dp/B00100ED1Q/ref=sr_1_13?dib=eyJ2IjoiMSJ9.hRkwab-NMg9iBS5OShxLOQL9IaUQFeQ84_X4prQWKrhsc1sRUsjrBv8fiyQxca-o0SjyLKkgJJpTAhvYDKdaOOW5i8M7twL981LYAy_HTs498YY7EmmUaoWhE1ebi_OQjFwvJB2WRbc4vEKynq0KwjQ8VzTWrcCuSbVXqZFQhKk8veNvXn6DUgDiq7FKUSyIM9Vuj_I0FJy_LgheZeJQZ4_uCgzyR0DEJ0-WwFrWLD-EkjOKBPPfhL5qUPPL5_wbopQYyf8QSO2sAqRf9HdcS5q3f4kQt28ZRZJkUcLVzCo.ogv3Qk0BqrJXQ2mDQEkBP2z-uhg-fw-S_4ZSZa-zJwo&dib_tag=se&keywords=wheel+cleaner&qid=1757871483&sr=8-13,ml,500.0,0.5,154.0
9/14/2025,Automotive,Automotive,C2-Wheel cleaner,Degreaser,"Black Magic BM41023 No No Scrub Wheel Cleaner, 23 Fluid Ounces",39.75,Black Magic,amazon,https://www.amazon.sa/-/en/Black-Magic-BM41023-Cleaner-Ounces/dp/B000630AQA/ref=sr_1_15?dib=eyJ2IjoiMSJ9.hRkwab-NMg9iBS5OShxLOQL9IaUQFeQ84_X4prQWKrhsc1sRUsjrBv8fiyQxca-o0SjyLKkgJJpTAhvYDKdaOOW5i8M7twL981LYAy_HTs498YY7EmmUaoWhE1ebi_OQjFwvJB2WRbc4vEKynq0KwjQ8VzTWrcCuSbVXqZFQhKk8veNvXn6DUgDiq7FKUSyIM9Vuj_I0FJy_LgheZeJQZ4_uCgzyR0DEJ0-WwFrWLD-EkjOKBPPfhL5qUPPL5_wbopQYyf8QSO2sAqRf9HdcS5q3f4kQt28ZRZJkUcLVzCo.ogv3Qk0BqrJXQ2mDQEkBP2z-uhg-fw-S_4ZSZa-zJwo&dib_tag=se&keywords=wheel+cleaner&qid=1757871483&sr=8-15,fl oz,23.0,23.0,1.7282608695652173
9/14/2025,Automotive,Automotive,C2-Wheel cleaner,Degreaser,"Armor All Heavy Duty Wheel and Tire Cleaner, Car Wheel Cleaner Spray, 22 Oz, Multicolor, 1.37 Pound (Pack of 1)",49.95,Armor All,amazon,https://www.amazon.sa/-/en/Armor-All-Heavy-Cleaner-Multicolor/dp/B085R98GSF/ref=sr_1_16?dib=eyJ2IjoiMSJ9.hRkwab-NMg9iBS5OShxLOQL9IaUQFeQ84_X4prQWKrhsc1sRUsjrBv8fiyQxca-o0SjyLKkgJJpTAhvYDKdaOOW5i8M7twL981LYAy_HTs498YY7EmmUaoWhE1ebi_OQjFwvJB2WRbc4vEKynq0KwjQ8VzTWrcCuSbVXqZFQhKk8veNvXn6DUgDiq7FKUSyIM9Vuj_I0FJy_LgheZeJQZ4_uCgzyR0DEJ0-WwFrWLD-EkjOKBPPfhL5qUPPL5_wbopQYyf8QSO2sAqRf9HdcS5q3f4kQt28ZRZJkUcLVzCo.ogv3Qk0BqrJXQ2mDQEkBP2z-uhg-fw-S_4ZSZa-zJwo&dib_tag=se&keywords=wheel+cleaner&qid=1757871483&sr=8-16,fl oz,22.0,22.0,2.270454545454545
9/14/2025,Automotive,Automotive,C2-Wheel cleaner,Degreaser,"Turtle Wax 53734 Hybrid Solutions Hyper Foam Wheel and Tire Cleaner, Spray on Heavy Duty Formula for Both Wheels and Tires, Brake Dust Remover, Clean and Prep for Tire Shine, 23 oz",69.0,Turtle Wax,amazon,https://www.amazon.sa/-/en/Turtle-Wax-53734-Solutions-Cleaner/dp/B09F18LFYN/ref=sr_1_17?dib=eyJ2IjoiMSJ9.hRkwab-NMg9iBS5OShxLOQL9IaUQFeQ84_X4prQWKrhsc1sRUsjrBv8fiyQxca-o0SjyLKkgJJpTAhvYDKdaOOW5i8M7twL981LYAy_HTs498YY7EmmUaoWhE1ebi_OQjFwvJB2WRbc4vEKynq0KwjQ8VzTWrcCuSbVXqZFQhKk8veNvXn6DUgDiq7FKUSyIM9Vuj_I0FJy_LgheZeJQZ4_uCgzyR0DEJ0-WwFrWLD-EkjOKBPPfhL5qUPPL5_wbopQYyf8QSO2sAqRf9HdcS5q3f4kQt28ZRZJkUcLVzCo.ogv3Qk0BqrJXQ2mDQEkBP2z-uhg-fw-S_4ZSZa-zJwo&dib_tag=se&keywords=wheel+cleaner&qid=1757871483&sr=8-17,fl oz,23.0,23.0,3.0
9/14/2025,Automotive,Automotive,C2-Wheel cleaner,Degreaser,Mafra Fall-Out Fast Chemical Decontamination Wheel Cleaner Spray 500ml,55.95,Mafra,amazon,https://www.amazon.sa/-/en/Mafra-Fall-Out-Chemical-Decontamination-Cleaner/dp/B084VTVQRS/ref=sr_1_18?dib=eyJ2IjoiMSJ9.hRkwab-NMg9iBS5OShxLOQL9IaUQFeQ84_X4prQWKrhsc1sRUsjrBv8fiyQxca-o0SjyLKkgJJpTAhvYDKdaOOW5i8M7twL981LYAy_HTs498YY7EmmUaoWhE1ebi_OQjFwvJB2WRbc4vEKynq0KwjQ8VzTWrcCuSbVXqZFQhKk8veNvXn6DUgDiq7FKUSyIM9Vuj_I0FJy_LgheZeJQZ4_uCgzyR0DEJ0-WwFrWLD-EkjOKBPPfhL5qUPPL5_wbopQYyf8QSO2sAqRf9HdcS5q3f4kQt28ZRZJkUcLVzCo.ogv3Qk0BqrJXQ2mDQEkBP2z-uhg-fw-S_4ZSZa-zJwo&dib_tag=se&keywords=wheel+cleaner&qid=1757871483&sr=8-18,ml,500.0,0.5,111.9
9/14/2025,Automotive,Automotive,C2-Wheel cleaner,Degreaser,"Meguiar's Heavy Duty Multi-Purpose Cleaner 709ml Professional Strength, Cleans Wheel Arches, Tyres, Vinyl, Trim, Carpet, Fabric, Upholstery, Rubber, Metal, Chrome and More - G180224EU",89.0,Meguiar's,amazon,https://www.amazon.sa/-/en/Meguiars-Multi-Purpose-Professional-Strength-Upholstery/dp/B06WVCYR9J/ref=sr_1_26?dib=eyJ2IjoiMSJ9.hRkwab-NMg9iBS5OShxLOQL9IaUQFeQ84_X4prQWKrhsc1sRUsjrBv8fiyQxca-o0SjyLKkgJJpTAhvYDKdaOOW5i8M7twL981LYAy_HTs498YY7EmmUaoWhE1ebi_OQjFwvJB2WRbc4vEKynq0KwjQ8VzTWrcCuSbVXqZFQhKk8veNvXn6DUgDiq7FKUSyIM9Vuj_I0FJy_LgheZeJQZ4_uCgzyR0DEJ0-WwFrWLD-EkjOKBPPfhL5qUPPL5_wbopQYyf8QSO2sAqRf9HdcS5q3f4kQt28ZRZJkUcLVzCo.ogv3Qk0BqrJXQ2mDQEkBP2z-uhg-fw-S_4ZSZa-zJwo&dib_tag=se&keywords=wheel+cleaner&qid=1757871483&sr=8-26,ml,709.0,0.709,125.52891396332863
9/14/2025,Automotive,Automotive,C2-Wheel cleaner,Degreaser,Mothers 06024 Polished Aluminum Wheel Cleaner - 24 oz.,65.95,Mothers,amazon,https://www.amazon.sa/-/en/Mothers-06024-Polished-Aluminum-Cleaner/dp/B004N65YBC/ref=sr_1_36?dib=eyJ2IjoiMSJ9.hRkwab-NMg9iBS5OShxLOQL9IaUQFeQ84_X4prQWKrhsc1sRUsjrBv8fiyQxca-o0SjyLKkgJJpTAhvYDKdaOOW5i8M7twL981LYAy_HTs498YY7EmmUaoWhE1ebi_OQjFwvJB2WRbc4vEKynq0KwjQ8VzTWrcCuSbVXqZFQhKk8veNvXn6DUgDiq7FKUSyIM9Vuj_I0FJy_LgheZeJQZ4_uCgzyR0DEJ0-WwFrWLD-EkjOKBPPfhL5qUPPL5_wbopQYyf8QSO2sAqRf9HdcS5q3f4kQt28ZRZJkUcLVzCo.ogv3Qk0BqrJXQ2mDQEkBP2z-uhg-fw-S_4ZSZa-zJwo&dib_tag=se&keywords=wheel+cleaner&qid=1757871483&sr=8-36,fl oz,24.0,24.0,2.747916666666667
9/14/2025,Automotive,Automotive,C2-Wheel cleaner,Degreaser,Adam's Polishes Wheel & Tire Cleaner 16oz - Professional All in One Tire & Wheel Cleaner Car Wash Wheel Well Cleaning Spray for Car Detailing | Safe On Most Rim Finishes,131.0,Adam's Polishes,amazon,https://www.amazon.sa/-/en/Adams-Polishes-Wheel-Tire-Cleaner/dp/B07X5N24PM/ref=sr_1_37?dib=eyJ2IjoiMSJ9.hRkwab-NMg9iBS5OShxLOQL9IaUQFeQ84_X4prQWKrhsc1sRUsjrBv8fiyQxca-o0SjyLKkgJJpTAhvYDKdaOOW5i8M7twL981LYAy_HTs498YY7EmmUaoWhE1ebi_OQjFwvJB2WRbc4vEKynq0KwjQ8VzTWrcCuSbVXqZFQhKk8veNvXn6DUgDiq7FKUSyIM9Vuj_I0FJy_LgheZeJQZ4_uCgzyR0DEJ0-WwFrWLD-EkjOKBPPfhL5qUPPL5_wbopQYyf8QSO2sAqRf9HdcS5q3f4kQt28ZRZJkUcLVzCo.ogv3Qk0BqrJXQ2mDQEkBP2z-uhg-fw-S_4ZSZa-zJwo&dib_tag=se&keywords=wheel+cleaner&qid=1757871483&sr=8-37,fl oz,16.0,16.0,8.1875
9/14/2025,Automotive,Automotive,C2-Wheel cleaner,Degreaser,Rain-X Graphene Wheel Cleaner & Protectant,70.0,Rain-X,amazon,https://www.amazon.sa/-/en/Rain-X-Graphene-Wheel-Cleaner-Protectant/dp/B0CLP4DTY3/ref=sr_1_38?dib=eyJ2IjoiMSJ9.hRkwab-NMg9iBS5OShxLOQL9IaUQFeQ84_X4prQWKrhsc1sRUsjrBv8fiyQxca-o0SjyLKkgJJpTAhvYDKdaOOW5i8M7twL981LYAy_HTs498YY7EmmUaoWhE1ebi_OQjFwvJB2WRbc4vEKynq0KwjQ8VzTWrcCuSbVXqZFQhKk8veNvXn6DUgDiq7FKUSyIM9Vuj_I0FJy_LgheZeJQZ4_uCgzyR0DEJ0-WwFrWLD-EkjOKBPPfhL5qUPPL5_wbopQYyf8QSO2sAqRf9HdcS5q3f4kQt28ZRZJkUcLVzCo.ogv3Qk0BqrJXQ2mDQEkBP2z-uhg-fw-S_4ZSZa-zJwo&dib_tag=se&keywords=wheel+cleaner&qid=1757871483&sr=8-38,ml,5000.0,5.0,14.0
9/14/2025,Automotive,Automotive,C2-Wheel cleaner,Degreaser,"Turtle Wax Hybrid Solutions Pro Wheel Cleaner + Iron Remover – 680ml, Advanced Rapid Decon Technology, Effective Brake Dust & Grime Cleanser",87.0,Generic,amazon,https://www.amazon.sa/-/en/Turtle-Hybrid-Solutions-Cleaner-Remover/dp/B0CVWWNGV2/ref=sr_1_39?dib=eyJ2IjoiMSJ9.hRkwab-NMg9iBS5OShxLOQL9IaUQFeQ84_X4prQWKrhsc1sRUsjrBv8fiyQxca-o0SjyLKkgJJpTAhvYDKdaOOW5i8M7twL981LYAy_HTs498YY7EmmUaoWhE1ebi_OQjFwvJB2WRbc4vEKynq0KwjQ8VzTWrcCuSbVXqZFQhKk8veNvXn6DUgDiq7FKUSyIM9Vuj_I0FJy_LgheZeJQZ4_uCgzyR0DEJ0-WwFrWLD-EkjOKBPPfhL5qUPPL5_wbopQYyf8QSO2sAqRf9HdcS5q3f4kQt28ZRZJkUcLVzCo.ogv3Qk0BqrJXQ2mDQEkBP2z-uhg-fw-S_4ZSZa-zJwo&dib_tag=se&keywords=wheel+cleaner&qid=1757871483&sr=8-39,ml,680.0,0.68,127.94117647058825
9/14/2025,Automotive,Automotive,C2-Wheel cleaner,Degreaser,Karcher Premium 6.296-048.0 Wheel Cleaner,64.95,Kärcher,amazon,https://www.amazon.sa/-/en/Karcher-Premium-6-296-048-0-Wheel-Cleaner/dp/B07K1KRDJN/ref=sr_1_44?dib=eyJ2IjoiMSJ9.hRkwab-NMg9iBS5OShxLOQL9IaUQFeQ84_X4prQWKrhsc1sRUsjrBv8fiyQxca-o0SjyLKkgJJpTAhvYDKdaOOW5i8M7twL981LYAy_HTs498YY7EmmUaoWhE1ebi_OQjFwvJB2WRbc4vEKynq0KwjQ8VzTWrcCuSbVXqZFQhKk8veNvXn6DUgDiq7FKUSyIM9Vuj_I0FJy_LgheZeJQZ4_uCgzyR0DEJ0-WwFrWLD-EkjOKBPPfhL5qUPPL5_wbopQYyf8QSO2sAqRf9HdcS5q3f4kQt28ZRZJkUcLVzCo.ogv3Qk0BqrJXQ2mDQEkBP2z-uhg-fw-S_4ZSZa-zJwo&dib_tag=se&keywords=wheel+cleaner&qid=1757871483&sr=8-44,ml,500.0,0.5,129.9
9/14/2025,Automotive,Automotive,C2-Wheel cleaner,Degreaser,"Chemical Guys CLD10516 Sticky Citrus Wheel Cleaner Gel, (Safe For All Wheel Types) Works on Cars, Trucks, SUVs, Motorcycles, RVs & More, 16 fl oz",97.75,Chemical Guys,amazon,https://www.amazon.sa/-/en/Chemical-Guys-CLD10516-Cleaner-Motorcycles/dp/B01N8RETA4/ref=sr_1_47?dib=eyJ2IjoiMSJ9.hRkwab-NMg9iBS5OShxLOQL9IaUQFeQ84_X4prQWKrhsc1sRUsjrBv8fiyQxca-o0SjyLKkgJJpTAhvYDKdaOOW5i8M7twL981LYAy_HTs498YY7EmmUaoWhE1ebi_OQjFwvJB2WRbc4vEKynq0KwjQ8VzTWrcCuSbVXqZFQhKk8veNvXn6DUgDiq7FKUSyIM9Vuj_I0FJy_LgheZeJQZ4_uCgzyR0DEJ0-WwFrWLD-EkjOKBPPfhL5qUPPL5_wbopQYyf8QSO2sAqRf9HdcS5q3f4kQt28ZRZJkUcLVzCo.ogv3Qk0BqrJXQ2mDQEkBP2z-uhg-fw-S_4ZSZa-zJwo&dib_tag=se&keywords=wheel+cleaner&qid=1757871483&sr=8-47,fl oz,16.0,16.0,6.109375
9/14/2025,Automotive,Automotive,C2-Wheel cleaner,Degreaser,Lawazim Tire Shine Cleaner-300ml-Silicone-Free Quick-Drying Non-Greasy Formula Gloss Enhancer Protector Spray to Restore Color and Prevent Cracking on Rubber Plastic and Vinyl-for Automotives Vehicles,18.75,Lawazim,amazon,https://www.amazon.sa/-/en/Lawazim-Cleaner-300ml-Silicone-Free-Quick-Drying-Non-Greasy-Automotives/dp/B0859CX9FR/ref=sr_1_53?dib=eyJ2IjoiMSJ9.hRkwab-NMg9iBS5OShxLOQL9IaUQFeQ84_X4prQWKrhsc1sRUsjrBv8fiyQxca-o0SjyLKkgJJpTAhvYDKdaOOW5i8M7twL981LYAy_HTs498YY7EmmUaoWhE1ebi_OQjFwvJB2WRbc4vEKynq0KwjQ8VzTWrcCuSbVXqZFQhKk8veNvXn6DUgDiq7FKUSyIM9Vuj_I0FJy_LgheZeJQZ4_uCgzyR0DEJ0-WwFrWLD-EkjOKBPPfhL5qUPPL5_wbopQYyf8QSO2sAqRf9HdcS5q3f4kQt28ZRZJkUcLVzCo.ogv3Qk0BqrJXQ2mDQEkBP2z-uhg-fw-S_4ZSZa-zJwo&dib_tag=se&keywords=wheel+cleaner&qid=1757871483&sr=8-53,ml,300.0,0.3,62.5
9/14/2025,Automotive,Automotive,C2-Wheel cleaner,Degreaser,"Wheel and Tire Cleaner – 500ml – Acid-Free Formula – Removes Brake Dust, Grime, and Tire Browning – Safe for All Wheel Types and Finishes – Spray and Rinse Application",51.0,Generic,amazon,https://www.amazon.sa/-/en/Wheel-Tire-Cleaner-Acid-Free-Application/dp/B0FJ2TBR8X/ref=sr_1_54?dib=eyJ2IjoiMSJ9.hRkwab-NMg9iBS5OShxLOQL9IaUQFeQ84_X4prQWKrhsc1sRUsjrBv8fiyQxca-o0SjyLKkgJJpTAhvYDKdaOOW5i8M7twL981LYAy_HTs498YY7EmmUaoWhE1ebi_OQjFwvJB2WRbc4vEKynq0KwjQ8VzTWrcCuSbVXqZFQhKk8veNvXn6DUgDiq7FKUSyIM9Vuj_I0FJy_LgheZeJQZ4_uCgzyR0DEJ0-WwFrWLD-EkjOKBPPfhL5qUPPL5_wbopQYyf8QSO2sAqRf9HdcS5q3f4kQt28ZRZJkUcLVzCo.ogv3Qk0BqrJXQ2mDQEkBP2z-uhg-fw-S_4ZSZa-zJwo&dib_tag=se&keywords=wheel+cleaner&qid=1757871483&sr=8-54,ml,500.0,0.5,102.0
9/14/2025,Automotive,Automotive,C2-Wheel cleaner,Degreaser,"Ma-Fra Wheel and Tyre Cleaner with Active Foam Technology - 500ml, Powerful Dirt and Grime Remover, Safe for All Wheels (2, 2, Count)",110.99,Generic,amazon,https://www.amazon.sa/-/en/Ma-Fra-Wheel-Cleaner-Active-Technology/dp/B0D49K9JR6/ref=sr_1_55?dib=eyJ2IjoiMSJ9.hRkwab-NMg9iBS5OShxLOQL9IaUQFeQ84_X4prQWKrhsc1sRUsjrBv8fiyQxca-o0SjyLKkgJJpTAhvYDKdaOOW5i8M7twL981LYAy_HTs498YY7EmmUaoWhE1ebi_OQjFwvJB2WRbc4vEKynq0KwjQ8VzTWrcCuSbVXqZFQhKk8veNvXn6DUgDiq7FKUSyIM9Vuj_I0FJy_LgheZeJQZ4_uCgzyR0DEJ0-WwFrWLD-EkjOKBPPfhL5qUPPL5_wbopQYyf8QSO2sAqRf9HdcS5q3f4kQt28ZRZJkUcLVzCo.ogv3Qk0BqrJXQ2mDQEkBP2z-uhg-fw-S_4ZSZa-zJwo&dib_tag=se&keywords=wheel+cleaner&qid=1757871483&sr=8-55,ml,1000.0,1.0,110.99
9/14/2025,Automotive,Automotive,C2-Wheel cleaner,Degreaser,"K2 Roton Wheel Cleaner – High-Performance Wheel Cleaner with Color Indicator, Suitable for Steel, Aluminum, Chrome, and Painted Rims, Pump Bottle for Easy Application, Car Cleaning Solution (700ml)",95.99,Generic,amazon,https://www.amazon.sa/-/en/Roton-Wheel-Cleaner-High-Performance-Application/dp/B0DSNXWL7F/ref=sr_1_56?dib=eyJ2IjoiMSJ9.hRkwab-NMg9iBS5OShxLOQL9IaUQFeQ84_X4prQWKrhsc1sRUsjrBv8fiyQxca-o0SjyLKkgJJpTAhvYDKdaOOW5i8M7twL981LYAy_HTs498YY7EmmUaoWhE1ebi_OQjFwvJB2WRbc4vEKynq0KwjQ8VzTWrcCuSbVXqZFQhKk8veNvXn6DUgDiq7FKUSyIM9Vuj_I0FJy_LgheZeJQZ4_uCgzyR0DEJ0-WwFrWLD-EkjOKBPPfhL5qUPPL5_wbopQYyf8QSO2sAqRf9HdcS5q3f4kQt28ZRZJkUcLVzCo.ogv3Qk0BqrJXQ2mDQEkBP2z-uhg-fw-S_4ZSZa-zJwo&dib_tag=se&keywords=wheel+cleaner&qid=1757871483&sr=8-56,ml,700.0,0.7,137.12857142857143
9/14/2025,Automotive,Automotive,C2-Wheel cleaner,Degreaser,ArmorAll Extreme Wheel and Tire Cleaner 709ml,49.95,ArmorAll,saco,https://www.saco.sa/en/ArmorAll-Extreme-Wheel-and-Tire-Cleaner-709ml/p/000000000000038260,ml,709.0,0.709,70.45133991537378
9/14/2025,Automotive,Automotive,C2-Wheel cleaner,Degreaser,Turtle Wax HyperFoam Wheel Cleaner and Tire Prep Cleaning Spray White 23oz,69.95,Turtle Wax,saco,https://www.saco.sa/en/Turtle-Wax-HyperFoam-Wheel-Cleaner-and-Tire-Prep-Cleaning-Spray-White-23oz/p/000000000000079873,fl oz,23.0,23.0,3.0413043478260877
9/14/2025,Automotive,Automotive,C2-Wheel cleaner,Degreaser,Meguiar's Ultimate Acid-Free All Wheel Cleaner Spray 709ml G180124,56.95,Meguiar's,saco,https://www.saco.sa/en/Meguiar's-Ultimate-Acid-Free-All-Wheel-Cleaner-Spray-709ml-G180124/p/000000000000063595,ml,709.0,0.709,80.32440056417491
9/14/2025,Automotive,Automotive,C2-Wheel cleaner,Degreaser,Armor All Extreme Shield Plus Ceramic High-Performance Wheel Cleaner Spray 18oz,64.95,Armor All,saco,https://www.saco.sa/en/Armor-All-Extreme-Shield-Plus-Ceramic-High-Performance-Wheel-Cleaner-Spray-18oz/p/000000000000078757,fl oz,18.0,18.0,3.608333333333333
9/14/2025,Automotive,Automotive,C2-Wheel cleaner,Degreaser,Turtle Wax All Wheel and Tire Cleaner 23fl oz.,39.95,Turtle Wax,saco,https://www.saco.sa/en/Turtle-Wax-All-Wheel-and-Tire-Cleaner-23fl-oz-/p/000000000000015751,fl oz,23.0,23.0,1.7369565217391305
9/14/2025,Automotive,Automotive,C2-Wheel cleaner,Degreaser,ArmorAll Tire Cleaner Foam 20oz,34.95,ArmorAll,saco,https://www.saco.sa/en/ArmorAll-Tire-Cleaner-Foam-20oz/p/000000000000920586,fl oz,20.0,20.0,1.7475
9/14/2025,Automotive,Automotive,C2-Wheel brightener,Surface lubricant and protectant,"Meguiar's MB0522 Mirror Bright Wheel Cleaner, 22 Fluid Ounces",88.95,Meguiar's,amazon,https://www.amazon.sa/-/en/Meguiars-MB0522-Mirror-Bright-Cleaner/dp/B017JSUL5O/ref=sr_1_5?dib=eyJ2IjoiMSJ9.UCWM3Kmc0xNfTugYLsZCci5eJqGlb5I1y9NvwLVbb6XqPNhDwGT2IxM2_ZzIb7iduC9mOA6GsStBaCNVGFl6PAg4oGtEH98FWAOjm_IrKMF1Bo8ypelDgnAbgZjiXki-Iqjfrzws0sLvKwakEOb-vNZLM8njvUjHxsTRE5qDPlsjAoozrtn5-Gk0_3R1FZ5QDWEfce6Slhcn6_IaaS4yrKMBopexPa45dlghLBYb-baGRxpXgJVgK_kceki50IbRr5BS1lTS2dsM3OgAZFQbK-w8OTp0mq_icBjlNCpoPSo.3Bidz8PmGLjODmX5faXPixFjXJBm6ATvSNNFGX1Cibs&dib_tag=se&keywords=wheel+brightener&qid=1757871850&sr=8-5,fl oz,22.0,22.0,4.043181818181818
9/14/2025,Automotive,Automotive,C2-Wheel brightener,Surface lubricant and protectant,DR. WACK - P21S High End Wheel Cleaner 1000 ml (33% More Contents Free) - Limited Edition - Rim Spray with Gel Formula & Active Indicator - Gentle Cleaning - pH Neutral & Biodegradable,100.13,DR. WACK,amazon,https://www.amazon.sa/-/en/DR-WACK-Contents-Indicator-Biodegradable/dp/B003AM7CO2/ref=sr_1_11?dib=eyJ2IjoiMSJ9.UCWM3Kmc0xNfTugYLsZCci5eJqGlb5I1y9NvwLVbb6XqPNhDwGT2IxM2_ZzIb7iduC9mOA6GsStBaCNVGFl6PAg4oGtEH98FWAOjm_IrKMF1Bo8ypelDgnAbgZjiXki-Iqjfrzws0sLvKwakEOb-vNZLM8njvUjHxsTRE5qDPlsjAoozrtn5-Gk0_3R1FZ5QDWEfce6Slhcn6_IaaS4yrKMBopexPa45dlghLBYb-baGRxpXgJVgK_kceki50IbRr5BS1lTS2dsM3OgAZFQbK-w8OTp0mq_icBjlNCpoPSo.3Bidz8PmGLjODmX5faXPixFjXJBm6ATvSNNFGX1Cibs&dib_tag=se&keywords=wheel+brightener&qid=1757871850&sr=8-11,ml,1000.0,1.0,100.13
9/14/2025,Automotive,Automotive,C2-Wheel brightener,Surface lubricant and protectant,"Chemical Guys Two Face Wheel Cleaner, Color Changing Wheel Cleaner, Safe for Cars, Trucks, SUVs, Motorcycles, RVs & More, Extra Large Size 32 fl oz - CLD30332",406.03,Chemical Guys,amazon,https://www.amazon.sa/-/en/Chemical-Guys-Cleaner-Changing-Motorcycles/dp/B0D9913Q2V/ref=sr_1_24?dib=eyJ2IjoiMSJ9.UCWM3Kmc0xNfTugYLsZCci5eJqGlb5I1y9NvwLVbb6XqPNhDwGT2IxM2_ZzIb7iduC9mOA6GsStBaCNVGFl6PAg4oGtEH98FWAOjm_IrKMF1Bo8ypelDgnAbgZjiXki-Iqjfrzws0sLvKwakEOb-vNZLM8njvUjHxsTRE5qDPlsjAoozrtn5-Gk0_3R1FZ5QDWEfce6Slhcn6_IaaS4yrKMBopexPa45dlghLBYb-baGRxpXgJVgK_kceki50IbRr5BS1lTS2dsM3OgAZFQbK-w8OTp0mq_icBjlNCpoPSo.3Bidz8PmGLjODmX5faXPixFjXJBm6ATvSNNFGX1Cibs&dib_tag=se&keywords=wheel+brightener&qid=1757871850&sr=8-24,fl oz,32.0,32.0,12.6884375
9/14/2025,Automotive,Automotive,C2-Wheel brightener,Surface lubricant and protectant,ArmorAll Extreme Wheel and Tire Cleaner 709ml,49.95,ArmorAll,saco,https://www.saco.sa/en/ArmorAll-Extreme-Wheel-and-Tire-Cleaner-709ml/p/000000000000038260,ml,709.0,0.709,70.45133991537378
9/14/2025,Automotive,Automotive,C2-Wheel brightener,Surface lubricant and protectant,Turtle Wax HyperFoam Wheel Cleaner and Tire Prep Cleaning Spray White 23oz,69.95,Turtle Wax,saco,https://www.saco.sa/en/Turtle-Wax-HyperFoam-Wheel-Cleaner-and-Tire-Prep-Cleaning-Spray-White-23oz/p/000000000000079873,fl oz,23.0,23.0,3.0413043478260877
9/14/2025,Automotive,Automotive,C2-Wheel brightener,Surface lubricant and protectant,Armor All Extreme Shield Plus Ceramic High-Performance Wheel Cleaner Spray 18oz,64.95,Armor All,saco,https://www.saco.sa/en/Armor-All-Extreme-Shield-Plus-Ceramic-High-Performance-Wheel-Cleaner-Spray-18oz/p/000000000000078757,fl oz,18.0,18.0,3.608333333333333
9/14/2025,Automotive,Automotive,C2-Wheel brightener,Surface lubricant and protectant,Ma-Fra Fall-Out Fast Chemical Decontamination Wheel Cleaner Spray 500ml,55.95,Ma-Fra,saco,https://www.saco.sa/en/Ma-Fra-Fall-Out-Fast-Chemical-Decontamination-Wheel-Cleaner-Spray-500ml/p/000000000000065582,ml,500.0,0.5,111.9
9/14/2025,Automotive,Automotive,C2-Wheel brightener,Surface lubricant and protectant,Meguiar's Ultimate Acid-Free All Wheel Cleaner Spray 709ml G180124,56.95,Meguiar's,saco,https://www.saco.sa/en/Meguiar's-Ultimate-Acid-Free-All-Wheel-Cleaner-Spray-709ml-G180124/p/000000000000063595,ml,709.0,0.709,80.32440056417491
9/14/2025,Automotive,Automotive,C2-Wheel brightener,Surface lubricant and protectant,Mafra Splendorlega Aluminium and Metal Rim Cleaner Spray with High Degreasing Power 500ml,35.95,Mafra,saco,https://www.saco.sa/en/Mafra-Splendorlega-Aluminium-and-Metal-Rim-Cleaner-Spray-with-High-Degreasing-Power-500ml/p/000000000000031949,ml,500.0,0.5,71.9
9/14/2025,Automotive,Automotive,C3-Car glass cleaner,Glass cleaner,Turtle Wax 51781 Clearvue Car Glass Window Cleaner (500ml),32.0,Turtle Wax,amazon,https://www.amazon.sa/-/en/Turtle-Wax-Clearvue-Window-Cleaner/dp/B01B4Y8PDE/ref=sr_1_5?dib=eyJ2IjoiMSJ9.joVRCITtnLoQB5Mp3yKYqo3XM3RX8Q5U9hqj4ZdsKe1YI0DrZdHOacUYYwXpBlgaEBENL-S1zOAEPBPw6YyladO9fWqFvTJgxBUQe7grxBZ8wOaErav-v8cNYxD2nnB40EwkyXDIJR3IhmTHP0CqkabrxZNVMQ3ZqBLxNir4WCv1IMR16HtOrxPuJRVOswmWuW6cSs0rWEdeSwxLl1OFjSMquXMeVD5GniFqqj0iLsFI9Y8gtNdiJaKkDIWl8a2J5oslWQlMMnDDulq9Xa0hPicodiErl_jOsp9ec6M098o.nyRreWbAo-gP7PJz1yOgmWVfrM--XhozOXFcHblH4uw&dib_tag=se&keywords=car+glass+cleaner&qid=1757873630&sr=8-5,ml,500.0,0.5,64.0
9/14/2025,Automotive,Automotive,C3-Car glass cleaner,Glass cleaner,Armor All GAA32500EN06 Glass Cleaner 500 ml,36.99,Armor All,amazon,https://www.amazon.sa/-/en/Armor-All-GAA32500EN06-Glass-Cleaner/dp/B004D7WV0S/ref=sr_1_6?dib=eyJ2IjoiMSJ9.joVRCITtnLoQB5Mp3yKYqo3XM3RX8Q5U9hqj4ZdsKe1YI0DrZdHOacUYYwXpBlgaEBENL-S1zOAEPBPw6YyladO9fWqFvTJgxBUQe7grxBZ8wOaErav-v8cNYxD2nnB40EwkyXDIJR3IhmTHP0CqkabrxZNVMQ3ZqBLxNir4WCv1IMR16HtOrxPuJRVOswmWuW6cSs0rWEdeSwxLl1OFjSMquXMeVD5GniFqqj0iLsFI9Y8gtNdiJaKkDIWl8a2J5oslWQlMMnDDulq9Xa0hPicodiErl_jOsp9ec6M098o.nyRreWbAo-gP7PJz1yOgmWVfrM--XhozOXFcHblH4uw&dib_tag=se&keywords=car+glass+cleaner&qid=1757873630&sr=8-6,ml,500.0,0.5,73.98
9/14/2025,Automotive,Automotive,C3-Car glass cleaner,Glass cleaner,"Rain-X 2 In 1 Original Glass Cleaner + Rain Repellent 23 Oz, 5071268",38.24,Rain-X,amazon,https://www.amazon.sa/-/en/Rain-X-Original-Cleaner-Repellent-5071268/dp/B000NWJJLG/ref=sr_1_8?dib=eyJ2IjoiMSJ9.joVRCITtnLoQB5Mp3yKYqo3XM3RX8Q5U9hqj4ZdsKe1YI0DrZdHOacUYYwXpBlgaEBENL-S1zOAEPBPw6YyladO9fWqFvTJgxBUQe7grxBZ8wOaErav-v8cNYxD2nnB40EwkyXDIJR3IhmTHP0CqkabrxZNVMQ3ZqBLxNir4WCv1IMR16HtOrxPuJRVOswmWuW6cSs0rWEdeSwxLl1OFjSMquXMeVD5GniFqqj0iLsFI9Y8gtNdiJaKkDIWl8a2J5oslWQlMMnDDulq9Xa0hPicodiErl_jOsp9ec6M098o.nyRreWbAo-gP7PJz1yOgmWVfrM--XhozOXFcHblH4uw&dib_tag=se&keywords=car+glass+cleaner&qid=1757873630&sr=8-8,fl oz,23.0,23.0,1.662608695652174
9/14/2025,Automotive,Automotive,C3-Car glass cleaner,Glass cleaner,"Armor All Multi-Purpose Auto Cleaner, 16 Ounce (14881B)",36.99,Armor All,amazon,https://www.amazon.sa/-/en/Armor-All-Multi-Purpose-Cleaner-14881B/dp/B000CF6L0G/ref=sr_1_9?dib=eyJ2IjoiMSJ9.joVRCITtnLoQB5Mp3yKYqo3XM3RX8Q5U9hqj4ZdsKe1YI0DrZdHOacUYYwXpBlgaEBENL-S1zOAEPBPw6YyladO9fWqFvTJgxBUQe7grxBZ8wOaErav-v8cNYxD2nnB40EwkyXDIJR3IhmTHP0CqkabrxZNVMQ3ZqBLxNir4WCv1IMR16HtOrxPuJRVOswmWuW6cSs0rWEdeSwxLl1OFjSMquXMeVD5GniFqqj0iLsFI9Y8gtNdiJaKkDIWl8a2J5oslWQlMMnDDulq9Xa0hPicodiErl_jOsp9ec6M098o.nyRreWbAo-gP7PJz1yOgmWVfrM--XhozOXFcHblH4uw&dib_tag=se&keywords=car+glass+cleaner&qid=1757873630&sr=8-9,fl oz,16.0,16.0,2.311875
9/14/2025,Automotive,Automotive,C3-Car glass cleaner,Glass cleaner,"SONAX CLEAR GLASS (500 ml) - For the car and household. Removes inscets, dirt and nicotine instantly. For interior and exterior use. | Item-No. 03382410-544",56.99,SONAX,amazon,https://www.amazon.sa/-/en/SONAX-CLEAR-GLASS-500-03382410-544/dp/B000S67AGI/ref=sr_1_10?dib=eyJ2IjoiMSJ9.joVRCITtnLoQB5Mp3yKYqo3XM3RX8Q5U9hqj4ZdsKe1YI0DrZdHOacUYYwXpBlgaEBENL-S1zOAEPBPw6YyladO9fWqFvTJgxBUQe7grxBZ8wOaErav-v8cNYxD2nnB40EwkyXDIJR3IhmTHP0CqkabrxZNVMQ3ZqBLxNir4WCv1IMR16HtOrxPuJRVOswmWuW6cSs0rWEdeSwxLl1OFjSMquXMeVD5GniFqqj0iLsFI9Y8gtNdiJaKkDIWl8a2J5oslWQlMMnDDulq9Xa0hPicodiErl_jOsp9ec6M098o.nyRreWbAo-gP7PJz1yOgmWVfrM--XhozOXFcHblH4uw&dib_tag=se&keywords=car+glass+cleaner&qid=1757873630&sr=8-10,ml,500.0,0.5,113.98
9/14/2025,Automotive,Automotive,C3-Car glass cleaner,Glass cleaner,CHEMICAL GUYS Streak Free Window Clean 473 ML (CLD30016),74.21,Chemical Guys,amazon,https://www.amazon.sa/-/en/CHEMICAL-Streak-Window-Clean-CLD30016/dp/B07DQMFLT6/ref=sr_1_11?dib=eyJ2IjoiMSJ9.joVRCITtnLoQB5Mp3yKYqo3XM3RX8Q5U9hqj4ZdsKe1YI0DrZdHOacUYYwXpBlgaEBENL-S1zOAEPBPw6YyladO9fWqFvTJgxBUQe7grxBZ8wOaErav-v8cNYxD2nnB40EwkyXDIJR3IhmTHP0CqkabrxZNVMQ3ZqBLxNir4WCv1IMR16HtOrxPuJRVOswmWuW6cSs0rWEdeSwxLl1OFjSMquXMeVD5GniFqqj0iLsFI9Y8gtNdiJaKkDIWl8a2J5oslWQlMMnDDulq9Xa0hPicodiErl_jOsp9ec6M098o.nyRreWbAo-gP7PJz1yOgmWVfrM--XhozOXFcHblH4uw&dib_tag=se&keywords=car+glass+cleaner&qid=1757873630&sr=8-11,ml,473.0,0.473,156.892177589852
9/14/2025,Automotive,Automotive,C3-Car glass cleaner,Glass cleaner,Candorax Glass Cleaner 4 Liter Package design may vary,10.35,CANDORAX,amazon,https://www.amazon.sa/-/en/Candorax-Glass-Cleaner-Package-design/dp/B09RDY2XS7/ref=sr_1_12?dib=eyJ2IjoiMSJ9.joVRCITtnLoQB5Mp3yKYqo3XM3RX8Q5U9hqj4ZdsKe1YI0DrZdHOacUYYwXpBlgaEBENL-S1zOAEPBPw6YyladO9fWqFvTJgxBUQe7grxBZ8wOaErav-v8cNYxD2nnB40EwkyXDIJR3IhmTHP0CqkabrxZNVMQ3ZqBLxNir4WCv1IMR16HtOrxPuJRVOswmWuW6cSs0rWEdeSwxLl1OFjSMquXMeVD5GniFqqj0iLsFI9Y8gtNdiJaKkDIWl8a2J5oslWQlMMnDDulq9Xa0hPicodiErl_jOsp9ec6M098o.nyRreWbAo-gP7PJz1yOgmWVfrM--XhozOXFcHblH4uw&dib_tag=se&keywords=car+glass+cleaner&qid=1757873630&sr=8-12,L,4.0,4.0,2.5875
9/14/2025,Automotive,Automotive,C3-Car glass cleaner,Glass cleaner,"Karcher RM 650 windshield cleaner, Car glass cleaner (0.5 l) - 6.296-105, Black",47.95,Kärcher,amazon,https://www.amazon.sa/-/en/Karcher-650-windshield-cleaner-glass/dp/B088MMZW1L/ref=sr_1_17?dib=eyJ2IjoiMSJ9.joVRCITtnLoQB5Mp3yKYqo3XM3RX8Q5U9hqj4ZdsKe1YI0DrZdHOacUYYwXpBlgaEBENL-S1zOAEPBPw6YyladO9fWqFvTJgxBUQe7grxBZ8wOaErav-v8cNYxD2nnB40EwkyXDIJR3IhmTHP0CqkabrxZNVMQ3ZqBLxNir4WCv1IMR16HtOrxPuJRVOswmWuW6cSs0rWEdeSwxLl1OFjSMquXMeVD5GniFqqj0iLsFI9Y8gtNdiJaKkDIWl8a2J5oslWQlMMnDDulq9Xa0hPicodiErl_jOsp9ec6M098o.nyRreWbAo-gP7PJz1yOgmWVfrM--XhozOXFcHblH4uw&dib_tag=se&keywords=car+glass+cleaner&qid=1757873630&sr=8-17,L,0.5,0.5,95.9
9/14/2025,Automotive,Automotive,C3-Car glass cleaner,Glass cleaner,"Windshield Cleaner, 250ml, Made in USA (American)",39.0,Biki,amazon,https://www.amazon.sa/-/en/Windshield-Cleaner-250ml-Made-American/dp/B0D7MP8RY3/ref=sr_1_26?dib=eyJ2IjoiMSJ9.joVRCITtnLoQB5Mp3yKYqo3XM3RX8Q5U9hqj4ZdsKe1YI0DrZdHOacUYYwXpBlgaEBENL-S1zOAEPBPw6YyladO9fWqFvTJgxBUQe7grxBZ8wOaErav-v8cNYxD2nnB40EwkyXDIJR3IhmTHP0CqkabrxZNVMQ3ZqBLxNir4WCv1IMR16HtOrxPuJRVOswmWuW6cSs0rWEdeSwxLl1OFjSMquXMeVD5GniFqqj0iLsFI9Y8gtNdiJaKkDIWl8a2J5oslWQlMMnDDulq9Xa0hPicodiErl_jOsp9ec6M098o.nyRreWbAo-gP7PJz1yOgmWVfrM--XhozOXFcHblH4uw&dib_tag=se&keywords=car+glass+cleaner&qid=1757873630&sr=8-26,ml,250.0,0.25,156.0
9/14/2025,Automotive,Automotive,C3-Car glass cleaner,Glass cleaner,"Armor All Liquid Auto Glass Cleaner by Armor All, Glass Cleaners for Cars, Trucks, 22 Fl Oz Each",66.0,Armor All,amazon,https://www.amazon.sa/-/en/Armor-All-Liquid-Cleaner-Cleaners/dp/B0009PCPFY/ref=sr_1_32?dib=eyJ2IjoiMSJ9.joVRCITtnLoQB5Mp3yKYqo3XM3RX8Q5U9hqj4ZdsKe1YI0DrZdHOacUYYwXpBlgaEBENL-S1zOAEPBPw6YyladO9fWqFvTJgxBUQe7grxBZ8wOaErav-v8cNYxD2nnB40EwkyXDIJR3IhmTHP0CqkabrxZNVMQ3ZqBLxNir4WCv1IMR16HtOrxPuJRVOswmWuW6cSs0rWEdeSwxLl1OFjSMquXMeVD5GniFqqj0iLsFI9Y8gtNdiJaKkDIWl8a2J5oslWQlMMnDDulq9Xa0hPicodiErl_jOsp9ec6M098o.nyRreWbAo-gP7PJz1yOgmWVfrM--XhozOXFcHblH4uw&dib_tag=se&keywords=car+glass+cleaner&qid=1757873630&sr=8-32,fl oz,22.0,22.0,3.0
9/14/2025,Automotive,Automotive,C3-Car glass cleaner,Glass cleaner,"Sonax Windscreen Wash Concentrate 1:10 - Fast-Acting Cleaning Fluid For Glass Windshield, Headlamp, Xenon Headlight - Instantly Removes Insect Splatter, Oil, Dust, Soot, Dirt - Citrus Fragrance, 250Ml",24.01,SONAX,amazon,https://www.amazon.sa/-/en/Sonax-Windscreen-Wash-Concentrate-Fast-Acting/dp/B00103J79G/ref=sr_1_47?dib=eyJ2IjoiMSJ9.joVRCITtnLoQB5Mp3yKYqo3XM3RX8Q5U9hqj4ZdsKe1YI0DrZdHOacUYYwXpBlgaEBENL-S1zOAEPBPw6YyladO9fWqFvTJgxBUQe7grxBZ8wOaErav-v8cNYxD2nnB40EwkyXDIJR3IhmTHP0CqkabrxZNVMQ3ZqBLxNir4WCv1IMR16HtOrxPuJRVOswmWuW6cSs0rWEdeSwxLl1OFjSMquXMeVD5GniFqqj0iLsFI9Y8gtNdiJaKkDIWl8a2J5oslWQlMMnDDulq9Xa0hPicodiErl_jOsp9ec6M098o.nyRreWbAo-gP7PJz1yOgmWVfrM--XhozOXFcHblH4uw&dib_tag=se&keywords=car+glass+cleaner&qid=1757873630&sr=8-47,ml,250.0,0.25,96.04
9/14/2025,Automotive,Automotive,C3-Car glass cleaner,Glass cleaner,"Dac Glass Cleaner, For Spotless and Sparkling Surfaces, Blue/White (2 x 650ML + 400ML) - Pack of Three",25.95,DAC,amazon,https://www.amazon.sa/-/en/Glass-Cleaner-Spotless-Sparkling-Surfaces/dp/B0BVMPXC4Z/ref=sr_1_50?dib=eyJ2IjoiMSJ9.joVRCITtnLoQB5Mp3yKYqo3XM3RX8Q5U9hqj4ZdsKe1YI0DrZdHOacUYYwXpBlgaEBENL-S1zOAEPBPw6YyladO9fWqFvTJgxBUQe7grxBZ8wOaErav-v8cNYxD2nnB40EwkyXDIJR3IhmTHP0CqkabrxZNVMQ3ZqBLxNir4WCv1IMR16HtOrxPuJRVOswmWuW6cSs0rWEdeSwxLl1OFjSMquXMeVD5GniFqqj0iLsFI9Y8gtNdiJaKkDIWl8a2J5oslWQlMMnDDulq9Xa0hPicodiErl_jOsp9ec6M098o.nyRreWbAo-gP7PJz1yOgmWVfrM--XhozOXFcHblH4uw&dib_tag=se&keywords=car+glass+cleaner&qid=1757873630&sr=8-50,ml,650.0,0.65,39.92307692307692
9/14/2025,Automotive,Automotive,C3-Car glass cleaner,Glass cleaner,Bioneat BNC3 - Organic Cars Glass Cleaner - 750ml,45.15,Bioneat,amazon,https://www.amazon.sa/-/en/Bioneat-BNC3-Organic-Glass-Cleaner/dp/B0CNRM68Y2/ref=sr_1_53?dib=eyJ2IjoiMSJ9.joVRCITtnLoQB5Mp3yKYqo3XM3RX8Q5U9hqj4ZdsKe1YI0DrZdHOacUYYwXpBlgaEBENL-S1zOAEPBPw6YyladO9fWqFvTJgxBUQe7grxBZ8wOaErav-v8cNYxD2nnB40EwkyXDIJR3IhmTHP0CqkabrxZNVMQ3ZqBLxNir4WCv1IMR16HtOrxPuJRVOswmWuW6cSs0rWEdeSwxLl1OFjSMquXMeVD5GniFqqj0iLsFI9Y8gtNdiJaKkDIWl8a2J5oslWQlMMnDDulq9Xa0hPicodiErl_jOsp9ec6M098o.nyRreWbAo-gP7PJz1yOgmWVfrM--XhozOXFcHblH4uw&dib_tag=se&keywords=car+glass+cleaner&qid=1757873630&sr=8-53,ml,750.0,0.75,60.2
9/14/2025,Automotive,Automotive,C3-Car glass cleaner,Glass cleaner,Karcher Car Interior Glass Cleaner 500ml,47.95,Karcher,saco,https://www.saco.sa/en/Karcher-Car-Interior-Glass-Cleaner-500ml/p/000000000000075836,ml,500.0,0.5,95.9
9/14/2025,Automotive,Automotive,C3-Car glass cleaner,Glass cleaner,ArmorAll Glass Cleaner Clear 650ml,39.95,Brand not found,saco,https://www.saco.sa/en/ArmorAll-Glass-Cleaner-Clear-650ml/p/000000000000010776,ml,650.0,0.65,61.46153846153847
9/14/2025,Automotive,Automotive,C3-Car glass cleaner,Glass cleaner,Rain-X Streak-Free Shine Automotive Glass Cleaner Clear 680ml 630018,49.95,Rain-X,saco,https://www.saco.sa/en/Rain-X-Streak-Free-Shine-Automotive-Glass-Cleaner-Clear-680ml-630018/p/000000000000005275,ml,680.0,0.68,73.45588235294117
9/14/2025,Automotive,Automotive,C4-Car upholstery cleaner,Upholstery cleaner,Dr.Beckmann 2 in 1 Upholstery Stain Remover with Soft Brush Suitable for Cloth Car Seats & Mattress-Removes Stains & Odours- OXY & Anti-Odour Formula-Made in Germany-400 ML,38.59,Dr. Beckmann,amazon,https://www.amazon.sa/-/en/Dr-Beckmann-Upholstery-Mattress-Removes-Formula-Made-Germany-400/dp/B0B45NDMML/ref=sr_1_5?dib=eyJ2IjoiMSJ9.Ft-R4Tki_H2PHPVyiNIpoF_PbDvG3LN0v_p5KIu7unDFaWLumC9-iv_qsHOCCF1msvR34-zEvEw-ufzPWC26ZSXhCarzrZkaXAqmy8MEGyMd7obYpLuc-_zhNpiMcdkczZFVVFXA0JERwRmjHawKTSxOTx387lE9-gBs9SpcE0bfdDEIk4UDFi3fOn7EVagFwZcHpl7sgFrbAQOfbU4Pz6_RS9Iq1A2dqrof9v2CEBaW0GFG75OroFoCKxLlDkmUA3xFVxlyl4BhvrgRJo3oY4NvFuJhcdTyUCDGxIo2hZg.gx6t6fDzZu891AMitFoTCcLIbsSjxxvT9SfybGoIUgE&dib_tag=se&keywords=car+upholstery+cleaner&qid=1757873980&sr=8-5,ml,400.0,0.4,96.475
9/14/2025,Automotive,Automotive,C4-Car upholstery cleaner,Upholstery cleaner,SONAX Xtreme Upholstery Alcantara Cleaner (400ml),61.03,SONAX,amazon,https://www.amazon.sa/-/en/SONAX-Xtreme-Upholstery-Alcantara-Cleaner/dp/B00100EJ24/ref=sr_1_6?dib=eyJ2IjoiMSJ9.Ft-R4Tki_H2PHPVyiNIpoF_PbDvG3LN0v_p5KIu7unDFaWLumC9-iv_qsHOCCF1msvR34-zEvEw-ufzPWC26ZSXhCarzrZkaXAqmy8MEGyMd7obYpLuc-_zhNpiMcdkczZFVVFXA0JERwRmjHawKTSxOTx387lE9-gBs9SpcE0bfdDEIk4UDFi3fOn7EVagFwZcHpl7sgFrbAQOfbU4Pz6_RS9Iq1A2dqrof9v2CEBaW0GFG75OroFoCKxLlDkmUA3xFVxlyl4BhvrgRJo3oY4NvFuJhcdTyUCDGxIo2hZg.gx6t6fDzZu891AMitFoTCcLIbsSjxxvT9SfybGoIUgE&dib_tag=se&keywords=car+upholstery+cleaner&qid=1757873980&sr=8-6,ml,400.0,0.4,152.575
9/14/2025,Automotive,Automotive,C4-Car upholstery cleaner,Upholstery cleaner,"Armor All Carpet and Upholstery Cleaner Spray, Car Upholstery Cleaner for Tough Stains, 22 Fl Oz, 1 Count (Pack of 1)",44.75,Armor All,amazon,https://www.amazon.sa/-/en/Armor-All-Carpet-Upholstery-Cleaner/dp/B085R98GSD/ref=sr_1_7?dib=eyJ2IjoiMSJ9.Ft-R4Tki_H2PHPVyiNIpoF_PbDvG3LN0v_p5KIu7unDFaWLumC9-iv_qsHOCCF1msvR34-zEvEw-ufzPWC26ZSXhCarzrZkaXAqmy8MEGyMd7obYpLuc-_zhNpiMcdkczZFVVFXA0JERwRmjHawKTSxOTx387lE9-gBs9SpcE0bfdDEIk4UDFi3fOn7EVagFwZcHpl7sgFrbAQOfbU4Pz6_RS9Iq1A2dqrof9v2CEBaW0GFG75OroFoCKxLlDkmUA3xFVxlyl4BhvrgRJo3oY4NvFuJhcdTyUCDGxIo2hZg.gx6t6fDzZu891AMitFoTCcLIbsSjxxvT9SfybGoIUgE&dib_tag=se&keywords=car+upholstery+cleaner&qid=1757873980&sr=8-7,fl oz,22.0,22.0,2.034090909090909
9/14/2025,Automotive,Automotive,C4-Car upholstery cleaner,Upholstery cleaner,Armor All Carpet and Seat Foam Cleaner 500 ml,30.0,Armor All,amazon,https://www.amazon.sa/-/en/Armor-All-Carpet-Seat-Cleaner/dp/B006O8G6G4/ref=sr_1_8?dib=eyJ2IjoiMSJ9.Ft-R4Tki_H2PHPVyiNIpoF_PbDvG3LN0v_p5KIu7unDFaWLumC9-iv_qsHOCCF1msvR34-zEvEw-ufzPWC26ZSXhCarzrZkaXAqmy8MEGyMd7obYpLuc-_zhNpiMcdkczZFVVFXA0JERwRmjHawKTSxOTx387lE9-gBs9SpcE0bfdDEIk4UDFi3fOn7EVagFwZcHpl7sgFrbAQOfbU4Pz6_RS9Iq1A2dqrof9v2CEBaW0GFG75OroFoCKxLlDkmUA3xFVxlyl4BhvrgRJo3oY4NvFuJhcdTyUCDGxIo2hZg.gx6t6fDzZu891AMitFoTCcLIbsSjxxvT9SfybGoIUgE&dib_tag=se&keywords=car+upholstery+cleaner&qid=1757873980&sr=8-8,ml,500.0,0.5,60.0
9/14/2025,Automotive,Automotive,C4-Car upholstery cleaner,Upholstery cleaner,"Tuff Stuff Multi-Purpose Foam Cleaner, Use on Car Interior, Furniture, Carpet, 22 Oz Each",44.2,Tuff Stuff,amazon,https://www.amazon.sa/-/en/Tuff-Stuff-Multi-Purpose-Interior-Furniture/dp/B0009PCPNQ/ref=sr_1_11?dib=eyJ2IjoiMSJ9.Ft-R4Tki_H2PHPVyiNIpoF_PbDvG3LN0v_p5KIu7unDFaWLumC9-iv_qsHOCCF1msvR34-zEvEw-ufzPWC26ZSXhCarzrZkaXAqmy8MEGyMd7obYpLuc-_zhNpiMcdkczZFVVFXA0JERwRmjHawKTSxOTx387lE9-gBs9SpcE0bfdDEIk4UDFi3fOn7EVagFwZcHpl7sgFrbAQOfbU4Pz6_RS9Iq1A2dqrof9v2CEBaW0GFG75OroFoCKxLlDkmUA3xFVxlyl4BhvrgRJo3oY4NvFuJhcdTyUCDGxIo2hZg.gx6t6fDzZu891AMitFoTCcLIbsSjxxvT9SfybGoIUgE&dib_tag=se&keywords=car+upholstery+cleaner&qid=1757873980&sr=8-11,fl oz,22.0,22.0,2.0090909090909093
9/14/2025,Automotive,Automotive,C4-Car upholstery cleaner,Upholstery cleaner,"Turtle Wax 51791 Interior 1 Multi Purpose Car Seat Cleaning, Stain & Odor Removal Spray with Brush 400ml",58.75,Turtle Wax,amazon,https://www.amazon.sa/-/en/Turtle-Wax-51791-Interior-Cleaning/dp/B008CEOCSW/ref=sr_1_14?dib=eyJ2IjoiMSJ9.Ft-R4Tki_H2PHPVyiNIpoF_PbDvG3LN0v_p5KIu7unDFaWLumC9-iv_qsHOCCF1msvR34-zEvEw-ufzPWC26ZSXhCarzrZkaXAqmy8MEGyMd7obYpLuc-_zhNpiMcdkczZFVVFXA0JERwRmjHawKTSxOTx387lE9-gBs9SpcE0bfdDEIk4UDFi3fOn7EVagFwZcHpl7sgFrbAQOfbU4Pz6_RS9Iq1A2dqrof9v2CEBaW0GFG75OroFoCKxLlDkmUA3xFVxlyl4BhvrgRJo3oY4NvFuJhcdTyUCDGxIo2hZg.gx6t6fDzZu891AMitFoTCcLIbsSjxxvT9SfybGoIUgE&dib_tag=se&keywords=car+upholstery+cleaner&qid=1757873980&sr=8-14,ml,400.0,0.4,146.875
9/14/2025,Automotive,Automotive,C4-Car upholstery cleaner,Upholstery cleaner,"Karcher - RM 519 Carpet Cleaner for SE4001, 1Liter, Suitable for carpets, rugs, upholstery, car seats, etc…",45.0,Company not found,amazon,https://www.amazon.sa/-/en/Karcher-Cleaner-Suitable-carpets-upholstery/dp/B00B17MAFE/ref=sr_1_16?dib=eyJ2IjoiMSJ9.Ft-R4Tki_H2PHPVyiNIpoF_PbDvG3LN0v_p5KIu7unDFaWLumC9-iv_qsHOCCF1msvR34-zEvEw-ufzPWC26ZSXhCarzrZkaXAqmy8MEGyMd7obYpLuc-_zhNpiMcdkczZFVVFXA0JERwRmjHawKTSxOTx387lE9-gBs9SpcE0bfdDEIk4UDFi3fOn7EVagFwZcHpl7sgFrbAQOfbU4Pz6_RS9Iq1A2dqrof9v2CEBaW0GFG75OroFoCKxLlDkmUA3xFVxlyl4BhvrgRJo3oY4NvFuJhcdTyUCDGxIo2hZg.gx6t6fDzZu891AMitFoTCcLIbsSjxxvT9SfybGoIUgE&dib_tag=se&keywords=car+upholstery+cleaner&qid=1757873980&sr=8-16,L,1.0,1.0,45.0
9/14/2025,Automotive,Automotive,C4-Car upholstery cleaner,Upholstery cleaner,Dr.Beckmann Carpet Cleaner Brush For carpet and upholstery 650ml,24.25,Dr. Beckmann,amazon,https://www.amazon.sa/-/en/Dr-Beckmann-Carpet-Cleaner-carpet-upholstery/dp/B006ZMNWYS/ref=sr_1_17?dib=eyJ2IjoiMSJ9.Ft-R4Tki_H2PHPVyiNIpoF_PbDvG3LN0v_p5KIu7unDFaWLumC9-iv_qsHOCCF1msvR34-zEvEw-ufzPWC26ZSXhCarzrZkaXAqmy8MEGyMd7obYpLuc-_zhNpiMcdkczZFVVFXA0JERwRmjHawKTSxOTx387lE9-gBs9SpcE0bfdDEIk4UDFi3fOn7EVagFwZcHpl7sgFrbAQOfbU4Pz6_RS9Iq1A2dqrof9v2CEBaW0GFG75OroFoCKxLlDkmUA3xFVxlyl4BhvrgRJo3oY4NvFuJhcdTyUCDGxIo2hZg.gx6t6fDzZu891AMitFoTCcLIbsSjxxvT9SfybGoIUgE&dib_tag=se&keywords=car+upholstery+cleaner&qid=1757873980&sr=8-17,ml,650.0,0.65,37.30769230769231
9/14/2025,Automotive,Automotive,C4-Car upholstery cleaner,Upholstery cleaner,Turtle Wax Power Out Car Interior Upholstery Cleaner Stain & Odour Remover 400ml,53.38,Turtle Wax,amazon,https://www.amazon.sa/-/en/Turtle-Wax-Interior-Upholstery-Cleaner/dp/B073H4RZHZ/ref=sr_1_19?dib=eyJ2IjoiMSJ9.Ft-R4Tki_H2PHPVyiNIpoF_PbDvG3LN0v_p5KIu7unDFaWLumC9-iv_qsHOCCF1msvR34-zEvEw-ufzPWC26ZSXhCarzrZkaXAqmy8MEGyMd7obYpLuc-_zhNpiMcdkczZFVVFXA0JERwRmjHawKTSxOTx387lE9-gBs9SpcE0bfdDEIk4UDFi3fOn7EVagFwZcHpl7sgFrbAQOfbU4Pz6_RS9Iq1A2dqrof9v2CEBaW0GFG75OroFoCKxLlDkmUA3xFVxlyl4BhvrgRJo3oY4NvFuJhcdTyUCDGxIo2hZg.gx6t6fDzZu891AMitFoTCcLIbsSjxxvT9SfybGoIUgE&dib_tag=se&keywords=car+upholstery+cleaner&qid=1757873980&sr=8-19,ml,400.0,0.4,133.45
9/14/2025,Automotive,Automotive,C4-Car upholstery cleaner,Upholstery cleaner,"PARKER & BAILEY LEATHER CLEANER & CONDITIONER – Restores & Conditions Leather, Cleaner For Upholstery or Car Interior, Car Leather Seat Cleaner, Faux Leather, Furniture, Handbags, Shoes & More 12oz",39.95,Parker & Bailey,amazon,https://www.amazon.sa/-/en/PARKER-BAILEY-LEATHER-CLEANER-CONDITIONER/dp/B072KWPR8Z/ref=sr_1_32?dib=eyJ2IjoiMSJ9.Ft-R4Tki_H2PHPVyiNIpoF_PbDvG3LN0v_p5KIu7unDFaWLumC9-iv_qsHOCCF1msvR34-zEvEw-ufzPWC26ZSXhCarzrZkaXAqmy8MEGyMd7obYpLuc-_zhNpiMcdkczZFVVFXA0JERwRmjHawKTSxOTx387lE9-gBs9SpcE0bfdDEIk4UDFi3fOn7EVagFwZcHpl7sgFrbAQOfbU4Pz6_RS9Iq1A2dqrof9v2CEBaW0GFG75OroFoCKxLlDkmUA3xFVxlyl4BhvrgRJo3oY4NvFuJhcdTyUCDGxIo2hZg.gx6t6fDzZu891AMitFoTCcLIbsSjxxvT9SfybGoIUgE&dib_tag=se&keywords=car+upholstery+cleaner&qid=1757873980&sr=8-32,fl oz,12.0,12.0,3.329166666666667
9/14/2025,Automotive,Automotive,C4-Car upholstery cleaner,Upholstery cleaner,"Turtle Wax 53839 Spot Clean Stain & Odor Remover, Non-Aerosol Foaming Spray Cleaner for Carpet, Fabric and Upholstered Surfaces, Eliminates Tough Stains, Deodorizes, 16 oz",39.94,Turtle Wax,amazon,https://www.amazon.sa/-/en/Turtle-Wax-53839-Non-Aerosol-Upholstered/dp/B0BL438QZZ/ref=sr_1_45?dib=eyJ2IjoiMSJ9.Ft-R4Tki_H2PHPVyiNIpoF_PbDvG3LN0v_p5KIu7unDFaWLumC9-iv_qsHOCCF1msvR34-zEvEw-ufzPWC26ZSXhCarzrZkaXAqmy8MEGyMd7obYpLuc-_zhNpiMcdkczZFVVFXA0JERwRmjHawKTSxOTx387lE9-gBs9SpcE0bfdDEIk4UDFi3fOn7EVagFwZcHpl7sgFrbAQOfbU4Pz6_RS9Iq1A2dqrof9v2CEBaW0GFG75OroFoCKxLlDkmUA3xFVxlyl4BhvrgRJo3oY4NvFuJhcdTyUCDGxIo2hZg.gx6t6fDzZu891AMitFoTCcLIbsSjxxvT9SfybGoIUgE&dib_tag=se&keywords=car+upholstery+cleaner&qid=1757873980&sr=8-45,fl oz,16.0,16.0,2.49625
9/14/2025,Automotive,Automotive,C4-Car upholstery cleaner,Upholstery cleaner,CAR GUYS Super Cleaner - Effective All Purpose Cleaner - Best for Leather Vinyl Carpet Upholstery Plastic Rubber and Much More! - 18 oz Kit,161.0,Company not found,amazon,https://www.amazon.sa/-/en/CAR-GUYS-Super-Cleaner-Upholstery/dp/B071XB18BF/ref=sr_1_49?dib=eyJ2IjoiMSJ9.Ft-R4Tki_H2PHPVyiNIpoF_PbDvG3LN0v_p5KIu7unDFaWLumC9-iv_qsHOCCF1msvR34-zEvEw-ufzPWC26ZSXhCarzrZkaXAqmy8MEGyMd7obYpLuc-_zhNpiMcdkczZFVVFXA0JERwRmjHawKTSxOTx387lE9-gBs9SpcE0bfdDEIk4UDFi3fOn7EVagFwZcHpl7sgFrbAQOfbU4Pz6_RS9Iq1A2dqrof9v2CEBaW0GFG75OroFoCKxLlDkmUA3xFVxlyl4BhvrgRJo3oY4NvFuJhcdTyUCDGxIo2hZg.gx6t6fDzZu891AMitFoTCcLIbsSjxxvT9SfybGoIUgE&dib_tag=se&keywords=car+upholstery+cleaner&qid=1757873980&sr=8-49,fl oz,18.0,18.0,8.944444444444445
9/14/2025,Automotive,Automotive,C4-Car upholstery cleaner,Upholstery cleaner,"Chemical Guys SPI22016 Total Interior Cleaner and Protectant, Safe for Cars, Trucks, SUVs, Jeeps, Motorcycles, RVs & More, 16 fl oz",118.95,Chemical Guys,amazon,https://www.amazon.sa/-/en/Chemical-Guys-SPI22016-Protectant-Motorcycles/dp/B071ZTPRJL/ref=sr_1_50?dib=eyJ2IjoiMSJ9.Ft-R4Tki_H2PHPVyiNIpoF_PbDvG3LN0v_p5KIu7unDFaWLumC9-iv_qsHOCCF1msvR34-zEvEw-ufzPWC26ZSXhCarzrZkaXAqmy8MEGyMd7obYpLuc-_zhNpiMcdkczZFVVFXA0JERwRmjHawKTSxOTx387lE9-gBs9SpcE0bfdDEIk4UDFi3fOn7EVagFwZcHpl7sgFrbAQOfbU4Pz6_RS9Iq1A2dqrof9v2CEBaW0GFG75OroFoCKxLlDkmUA3xFVxlyl4BhvrgRJo3oY4NvFuJhcdTyUCDGxIo2hZg.gx6t6fDzZu891AMitFoTCcLIbsSjxxvT9SfybGoIUgE&dib_tag=se&keywords=car+upholstery+cleaner&qid=1757873980&sr=8-50,fl oz,16.0,16.0,7.434375
9/14/2025,Automotive,Automotive,C4-Car upholstery cleaner,Upholstery cleaner,"Meguiar's Heavy Duty Multi-Purpose Cleaner 709ml Professional Strength, Cleans Wheel Arches, Tyres, Vinyl, Trim, Carpet, Fabric, Upholstery, Rubber, Metal, Chrome and More - G180224EU",89.0,Meguiar's,amazon,https://www.amazon.sa/-/en/Meguiars-Multi-Purpose-Professional-Strength-Upholstery/dp/B06WVCYR9J/ref=sr_1_51?dib=eyJ2IjoiMSJ9.Ft-R4Tki_H2PHPVyiNIpoF_PbDvG3LN0v_p5KIu7unDFaWLumC9-iv_qsHOCCF1msvR34-zEvEw-ufzPWC26ZSXhCarzrZkaXAqmy8MEGyMd7obYpLuc-_zhNpiMcdkczZFVVFXA0JERwRmjHawKTSxOTx387lE9-gBs9SpcE0bfdDEIk4UDFi3fOn7EVagFwZcHpl7sgFrbAQOfbU4Pz6_RS9Iq1A2dqrof9v2CEBaW0GFG75OroFoCKxLlDkmUA3xFVxlyl4BhvrgRJo3oY4NvFuJhcdTyUCDGxIo2hZg.gx6t6fDzZu891AMitFoTCcLIbsSjxxvT9SfybGoIUgE&dib_tag=se&keywords=car+upholstery+cleaner&qid=1757873980&sr=8-51,ml,709.0,0.709,125.52891396332863
9/14/2025,Automotive,Automotive,C4-Car upholstery cleaner,Upholstery cleaner,"Turtle Wax 53482 Hybrid Solutions Streak Free Misting Car Interior Detailer and Cleaner, for Dashboards and Consoles, Use on Plastic, Vinyl, Leather, Rubber, Screens and Glass, UV Protection, 20 oz",70.0,Turtle Wax,amazon,https://www.amazon.sa/-/en/Turtle-Wax-53482-Dashboards-Protection/dp/B096HM2SPM/ref=sr_1_52?dib=eyJ2IjoiMSJ9.Ft-R4Tki_H2PHPVyiNIpoF_PbDvG3LN0v_p5KIu7unDFaWLumC9-iv_qsHOCCF1msvR34-zEvEw-ufzPWC26ZSXhCarzrZkaXAqmy8MEGyMd7obYpLuc-_zhNpiMcdkczZFVVFXA0JERwRmjHawKTSxOTx387lE9-gBs9SpcE0bfdDEIk4UDFi3fOn7EVagFwZcHpl7sgFrbAQOfbU4Pz6_RS9Iq1A2dqrof9v2CEBaW0GFG75OroFoCKxLlDkmUA3xFVxlyl4BhvrgRJo3oY4NvFuJhcdTyUCDGxIo2hZg.gx6t6fDzZu891AMitFoTCcLIbsSjxxvT9SfybGoIUgE&dib_tag=se&keywords=car+upholstery+cleaner&qid=1757873980&sr=8-52,fl oz,20.0,20.0,3.5
9/14/2025,Automotive,Automotive,C4-Car upholstery cleaner,Upholstery cleaner,Turtle Wax Power Out Carpet and Mats Cleaner with Brush 18oz T-244,49.95,Turtle Wax,saco,https://www.saco.sa/en/Turtle-Wax-Power-Out-Carpet-and-Mats-Cleaner-with-Brush-18oz-T-244/p/000000000000020006,fl oz,18.0,18.0,2.7750000000000004
9/14/2025,Automotive,Automotive,C4-Car upholstery cleaner,Upholstery cleaner,Turtle Wax Power Out Special Fabric-Stain Barrier Upholstery Cleaner and Protector 510g,34.95,Turtle Wax,saco,https://www.saco.sa/en/Turtle-Wax-Power-Out-Special-Fabric-Stain-Barrier-Upholstery-Cleaner-and-Protector-510g/p/000000000000015754,g,510.0,510.0,0.0685294117647059
9/14/2025,Automotive,Automotive,C4-Car upholstery cleaner,Upholstery cleaner,Mothers Carpet and Upholstery Cleaner 710ml,69.95,Mothers,saco,https://www.saco.sa/en/Mothers-Carpet-and-Upholstery-Cleaner-710ml/p/000000000000063412,ml,710.0,0.71,98.5211267605634
9/14/2025,Automotive,Automotive,C4-Car upholstery cleaner,Upholstery cleaner,Armor All 3-In-1 Power Foam Fresh Removable Brush FX Carpet and Upholstery Cleaner 22oz,49.95,Armor All,saco,https://www.saco.sa/en/Armor-All-3-In-1-Power-Foam-Fresh-Removable-Brush-FX-Carpet-and-Upholstery-Cleaner-22oz/p/000000000000078762,fl oz,22.0,22.0,2.270454545454545
9/14/2025,Automotive,Automotive,C4-Car upholstery cleaner,Upholstery cleaner,Meguiar's Gold Class Premium Quik High Gloss Car Detailer Cleaner Spray 709ml G7624,79.95,Meguiar's,saco,https://www.saco.sa/en/Meguiar's-Gold-Class-Premium-Quik-High-Gloss-Car-Detailer-Cleaner-Spray-709ml-G7624/p/000000000000018335,ml,709.0,0.709,112.76445698166432
9/14/2025,Automotive,Automotive,C4-Car upholstery cleaner,Upholstery cleaner,ArmorAll Carpet and Upholstery Cleaner 22oz,44.95,ArmorAll,saco,https://www.saco.sa/en/ArmorAll-Carpet-and-Upholstery-Cleaner-22oz/p/000000000000018364,fl oz,22.0,22.0,2.0431818181818184
9/14/2025,Automotive,Automotive,C4-Car leather cleaner,Leather and vinyl cleaner,"Armor All Leather Protectant 16oz, Multi Colour, Leather Care, 78175, 473 ml",47.9,Armor All,amazon,https://www.amazon.sa/-/en/Armor-All-Leather-Protectant-78175/dp/B0006302M2/ref=sr_1_5?dib=eyJ2IjoiMSJ9._l7uLRjTlIvbBDJ_ILISv8N329EwLHXTGthxg13fAEBwmr2YU7I8oeQsxrri814imaTt4Ph9FbJhsfoc1bPbR1bTNJVnMbyTQJJO-HrFqQblCUHFsW6H-SzdLdN9y89eS841EIaqYhGBxeJD0sq5ABWLRKwt7mGSWt_jMyL_qLMx5W3nRpttn3fFPCVa34rdbj_hkv87cLCKjRdieKs0rEn1EJ8LF__nIGBZwHFF5ECPruuh-v0cdiYfUalgAkMZ8VrgQL7mNToguH24TkfRwY0V7PHYG4CzOhDN4WcO7bc.jtjOkSkuISYerQqNSlPFDXqdYY3YMWP9moFhYTrEHIk&dib_tag=se&keywords=car+leather+cleaner&qid=1757874368&sr=8-5,fl oz,16.0,16.0,2.99375
9/14/2025,Automotive,Automotive,C4-Car leather cleaner,Leather and vinyl cleaner,"Meguiar's G18616 Gold Class Leather Conditioner, 16 Fluid Ounces , White",87.0,Meguiar's,amazon,https://www.amazon.sa/-/en/Meguiars-G18616-Leather-Conditioner-Ounces/dp/B004HCS4Q4/ref=sr_1_12?dib=eyJ2IjoiMSJ9._l7uLRjTlIvbBDJ_ILISv8N329EwLHXTGthxg13fAEBwmr2YU7I8oeQsxrri814imaTt4Ph9FbJhsfoc1bPbR1bTNJVnMbyTQJJO-HrFqQblCUHFsW6H-SzdLdN9y89eS841EIaqYhGBxeJD0sq5ABWLRKwt7mGSWt_jMyL_qLMx5W3nRpttn3fFPCVa34rdbj_hkv87cLCKjRdieKs0rEn1EJ8LF__nIGBZwHFF5ECPruuh-v0cdiYfUalgAkMZ8VrgQL7mNToguH24TkfRwY0V7PHYG4CzOhDN4WcO7bc.jtjOkSkuISYerQqNSlPFDXqdYY3YMWP9moFhYTrEHIk&dib_tag=se&keywords=car+leather+cleaner&qid=1757874368&sr=8-12,fl oz,16.0,16.0,5.4375
9/14/2025,Automotive,Automotive,C4-Car leather cleaner,Leather and vinyl cleaner,Armor All Leather Care Gel 532 ml 9963,83.7,Armor All,amazon,https://www.amazon.sa/-/en/Armor-All-Leather-Care-9963/dp/B0002JSZ8I/ref=sr_1_15?dib=eyJ2IjoiMSJ9._l7uLRjTlIvbBDJ_ILISv8N329EwLHXTGthxg13fAEBwmr2YU7I8oeQsxrri814imaTt4Ph9FbJhsfoc1bPbR1bTNJVnMbyTQJJO-HrFqQblCUHFsW6H-SzdLdN9y89eS841EIaqYhGBxeJD0sq5ABWLRKwt7mGSWt_jMyL_qLMx5W3nRpttn3fFPCVa34rdbj_hkv87cLCKjRdieKs0rEn1EJ8LF__nIGBZwHFF5ECPruuh-v0cdiYfUalgAkMZ8VrgQL7mNToguH24TkfRwY0V7PHYG4CzOhDN4WcO7bc.jtjOkSkuISYerQqNSlPFDXqdYY3YMWP9moFhYTrEHIk&dib_tag=se&keywords=car+leather+cleaner&qid=1757874368&sr=8-15,ml,532.0,0.532,157.33082706766916
9/14/2025,Automotive,Automotive,C4-Car leather cleaner,Leather and vinyl cleaner,"PARKER & BAILEY LEATHER CLEANER & CONDITIONER – Restores & Conditions Leather, Cleaner For Upholstery or Car Interior, Car Leather Seat Cleaner, Faux Leather, Furniture, Handbags, Shoes & More 12oz",39.95,Parker & Bailey,amazon,https://www.amazon.sa/-/en/PARKER-BAILEY-LEATHER-CLEANER-CONDITIONER/dp/B072KWPR8Z/ref=sr_1_19?dib=eyJ2IjoiMSJ9._l7uLRjTlIvbBDJ_ILISv8N329EwLHXTGthxg13fAEBwmr2YU7I8oeQsxrri814imaTt4Ph9FbJhsfoc1bPbR1bTNJVnMbyTQJJO-HrFqQblCUHFsW6H-SzdLdN9y89eS841EIaqYhGBxeJD0sq5ABWLRKwt7mGSWt_jMyL_qLMx5W3nRpttn3fFPCVa34rdbj_hkv87cLCKjRdieKs0rEn1EJ8LF__nIGBZwHFF5ECPruuh-v0cdiYfUalgAkMZ8VrgQL7mNToguH24TkfRwY0V7PHYG4CzOhDN4WcO7bc.jtjOkSkuISYerQqNSlPFDXqdYY3YMWP9moFhYTrEHIk&dib_tag=se&keywords=car+leather+cleaner&qid=1757874368&sr=8-19,fl oz,12.0,12.0,3.329166666666667
9/14/2025,Automotive,Automotive,C4-Car leather cleaner,Leather and vinyl cleaner,"Turtle Wax 53787 Hybrid Solutions Ceramic Graphene Inside Job, Interior All Purpose Car Cleaner and Protectant, Odor Eliminator, Works on Leather, Vinyl, Plastic, Rubber and More, 16 fl oz",89.07,Turtle Wax,amazon,https://www.amazon.sa/-/en/Turtle-Wax-53787-Protectant-Eliminator/dp/B09L1MKB8R/ref=sr_1_41?dib=eyJ2IjoiMSJ9._l7uLRjTlIvbBDJ_ILISv8N329EwLHXTGthxg13fAEBwmr2YU7I8oeQsxrri814imaTt4Ph9FbJhsfoc1bPbR1bTNJVnMbyTQJJO-HrFqQblCUHFsW6H-SzdLdN9y89eS841EIaqYhGBxeJD0sq5ABWLRKwt7mGSWt_jMyL_qLMx5W3nRpttn3fFPCVa34rdbj_hkv87cLCKjRdieKs0rEn1EJ8LF__nIGBZwHFF5ECPruuh-v0cdiYfUalgAkMZ8VrgQL7mNToguH24TkfRwY0V7PHYG4CzOhDN4WcO7bc.jtjOkSkuISYerQqNSlPFDXqdYY3YMWP9moFhYTrEHIk&dib_tag=se&keywords=car+leather+cleaner&qid=1757874368&sr=8-41,fl oz,16.0,16.0,5.566875
9/14/2025,Automotive,Automotive,C4-Car leather cleaner,Leather and vinyl cleaner,Weiman Leather Cleaner & Conditioner Spray,47.9,Weiman,amazon,https://www.amazon.sa/-/en/Weiman-Leather-Cleaner-Conditioner-Spray/dp/B007C5W4UK/ref=sr_1_44?dib=eyJ2IjoiMSJ9._l7uLRjTlIvbBDJ_ILISv8N329EwLHXTGthxg13fAEBwmr2YU7I8oeQsxrri814imaTt4Ph9FbJhsfoc1bPbR1bTNJVnMbyTQJJO-HrFqQblCUHFsW6H-SzdLdN9y89eS841EIaqYhGBxeJD0sq5ABWLRKwt7mGSWt_jMyL_qLMx5W3nRpttn3fFPCVa34rdbj_hkv87cLCKjRdieKs0rEn1EJ8LF__nIGBZwHFF5ECPruuh-v0cdiYfUalgAkMZ8VrgQL7mNToguH24TkfRwY0V7PHYG4CzOhDN4WcO7bc.jtjOkSkuISYerQqNSlPFDXqdYY3YMWP9moFhYTrEHIk&dib_tag=se&keywords=car+leather+cleaner&qid=1757874368&sr=8-44,ml,355.0,0.355,134.92957746478874
9/14/2025,Automotive,Automotive,C4-Car leather cleaner,Leather and vinyl cleaner,SONAX LEATHER CARE (500 ml) - Gently cleans and maintains all types of smooth leather. Water-repellent. Restores colours. | Item-No. 02912000-544,69.72,SONAX,amazon,https://www.amazon.sa/-/en/SONAX-LEATHER-CARE-500-Water-repellent/dp/B004GHMRT0/ref=sr_1_46?dib=eyJ2IjoiMSJ9._l7uLRjTlIvbBDJ_ILISv8N329EwLHXTGthxg13fAEBwmr2YU7I8oeQsxrri814imaTt4Ph9FbJhsfoc1bPbR1bTNJVnMbyTQJJO-HrFqQblCUHFsW6H-SzdLdN9y89eS841EIaqYhGBxeJD0sq5ABWLRKwt7mGSWt_jMyL_qLMx5W3nRpttn3fFPCVa34rdbj_hkv87cLCKjRdieKs0rEn1EJ8LF__nIGBZwHFF5ECPruuh-v0cdiYfUalgAkMZ8VrgQL7mNToguH24TkfRwY0V7PHYG4CzOhDN4WcO7bc.jtjOkSkuISYerQqNSlPFDXqdYY3YMWP9moFhYTrEHIk&dib_tag=se&keywords=car+leather+cleaner&qid=1757874368&sr=8-46,ml,500.0,0.5,139.44
9/14/2025,Automotive,Automotive,C4-Car leather cleaner,Leather and vinyl cleaner,AGCCAR Car Leather Cleaner Car Clean and Shine Bullsone 300 ML,22.99,AGCCAR,amazon,https://www.amazon.sa/-/en/AGCCAR-Leather-Cleaner-Clean-Bullsone/dp/B0DKT8Z3PY/ref=sr_1_49?dib=eyJ2IjoiMSJ9._l7uLRjTlIvbBDJ_ILISv8N329EwLHXTGthxg13fAEBwmr2YU7I8oeQsxrri814imaTt4Ph9FbJhsfoc1bPbR1bTNJVnMbyTQJJO-HrFqQblCUHFsW6H-SzdLdN9y89eS841EIaqYhGBxeJD0sq5ABWLRKwt7mGSWt_jMyL_qLMx5W3nRpttn3fFPCVa34rdbj_hkv87cLCKjRdieKs0rEn1EJ8LF__nIGBZwHFF5ECPruuh-v0cdiYfUalgAkMZ8VrgQL7mNToguH24TkfRwY0V7PHYG4CzOhDN4WcO7bc.jtjOkSkuISYerQqNSlPFDXqdYY3YMWP9moFhYTrEHIk&dib_tag=se&keywords=car+leather+cleaner&qid=1757874368&sr=8-49,ml,300.0,0.3,76.63333333333333
9/14/2025,Automotive,Automotive,C4-Car leather cleaner,Leather and vinyl cleaner,"Chemical Guys SPI_401_16 Vintage Series Leather Conditioner for Leather Car Interiors, Seats, Boots, Bags and More (Works on Natural, Synthetic, Pleather, Faux Leather and More), 16 fl oz",192.25,Chemical Guys,amazon,https://www.amazon.sa/-/en/Chemical-Guys-SPI_401_16-Conditioner-Interiors/dp/B00FALVXLY/ref=sr_1_55?dib=eyJ2IjoiMSJ9._l7uLRjTlIvbBDJ_ILISv8N329EwLHXTGthxg13fAEBwmr2YU7I8oeQsxrri814imaTt4Ph9FbJhsfoc1bPbR1bTNJVnMbyTQJJO-HrFqQblCUHFsW6H-SzdLdN9y89eS841EIaqYhGBxeJD0sq5ABWLRKwt7mGSWt_jMyL_qLMx5W3nRpttn3fFPCVa34rdbj_hkv87cLCKjRdieKs0rEn1EJ8LF__nIGBZwHFF5ECPruuh-v0cdiYfUalgAkMZ8VrgQL7mNToguH24TkfRwY0V7PHYG4CzOhDN4WcO7bc.jtjOkSkuISYerQqNSlPFDXqdYY3YMWP9moFhYTrEHIk&dib_tag=se&keywords=car+leather+cleaner&qid=1757874368&sr=8-55,fl oz,16.0,16.0,12.015625
9/14/2025,Automotive,Automotive,C4-Car leather cleaner,Leather and vinyl cleaner,Weiman UV-Resistant 3-In-1 Leather Cleaner and Conditioner Spray 355ml,55.95,Weiman,saco,https://www.saco.sa/en/Weiman-UV-Resistant-3-In-1-Leather-Cleaner-and-Conditioner-Spray-355ml/p/000000000000034316,ml,355.0,0.355,157.60563380281693
9/14/2025,Automotive,Automotive,C4-Car leather cleaner,Leather and vinyl cleaner,Mr. Leather Cleaner and Conditioner 240ml,34.95,Mr. Leather,saco,https://www.saco.sa/en/Mr-Leather-Cleaner-and-Conditioner-240ml/p/000000000000002552,ml,240.0,0.24,145.62500000000003
9/14/2025,Automotive,Automotive,C4-Car leather cleaner,Leather and vinyl cleaner,Mr. Leather Cleaner and Conditioner 473ml,39.95,Mr. Leather,saco,https://www.saco.sa/en/Mr-Leather-Cleaner-and-Conditioner-473ml/p/000000000000032221,ml,473.0,0.473,84.46088794926006
9/14/2025,Automotive,Automotive,C4-Car leather cleaner,Leather and vinyl cleaner,Mr. McKenic pH Balanced Car Leather Shine 500ml AM3321-P500SP,49.95,Mr. McKenic,saco,https://www.saco.sa/en/Mr-McKenic-pH-Balanced-Car-Leather-Shine-500ml-AM3321-P500SP/p/000000000000099111,ml,500.0,0.5,99.9
9/14/2025,Automotive,Automotive,C4-Car leather cleaner,Leather and vinyl cleaner,Turtle Wax Quick and Easy Luxe Leather Cleaner and Conditioner 473ml,44.95,Turtle Wax,saco,https://www.saco.sa/en/Turtle-Wax-Quick-and-Easy-Luxe-Leather-Cleaner-and-Conditioner-473ml/p/000000000000016488,ml,473.0,0.473,95.03171247357297
9/14/2025,Automotive,Automotive,C4-Car leather cleaner,Leather and vinyl cleaner,Rejuvenate Easy to Use Instant Leather and Vinyl Cleaner Spray 710ml,49.95,Rejuvenate,saco,https://www.saco.sa/en/Rejuvenate-Easy-to-Use-Instant-Leather-and-Vinyl-Cleaner-Spray-710ml/p/000000000000038429,ml,710.0,0.71,70.35211267605635
9/14/2025,Automotive,Automotive,C4-Car leather conditioner,Leather and vinyl conditioner,"Armor All Leather Protectant 16oz, Multi Colour, Leather Care, 78175, 473 ml",47.9,Armor All,amazon,https://www.amazon.sa/-/en/Armor-All-Leather-Protectant-78175/dp/B0006302M2/ref=sr_1_5?dib=eyJ2IjoiMSJ9.5K-tRa3yr5pxVnoCMCqObDQXLZkqFipkYBljP5F2DHYLsEPTiDBrbeW8ubyu-Dfo0W0jWvYkMIWcXqxZ8L9NxtCjlQV_-EPFtuKbrs8d071piuY2yNIV8esn_uFIt80vkA0kCtg6GrlGG14JciFA_1GWZYHub4yl5VWhFd8aLJPNWy-1zuDijoKZZ1bVF9m-tazUkhYZj35yvkE7cfAX8dMZ_dcOFtpCg58v8e7tqGhSZeK4_HE0at-SGMqecUdJav9AqPVcjF9Qjv4ouPsNsOfeeJRHk2AnPvr1Qcw82RE.mTPKjth37CIUaiY9HN7F9S-xg0dFw_Dp62ps9gqXGcY&dib_tag=se&keywords=car+leather+conditioner&qid=1757874700&sr=8-5,fl oz,16.0,16.0,2.99375
9/14/2025,Automotive,Automotive,C4-Car leather conditioner,Leather and vinyl conditioner,"Meguiar's G18616 Gold Class Leather Conditioner, 16 Fluid Ounces , White",87.0,Meguiar's,amazon,https://www.amazon.sa/-/en/Meguiars-G18616-Leather-Conditioner-Ounces/dp/B004HCS4Q4/ref=sr_1_7?dib=eyJ2IjoiMSJ9.5K-tRa3yr5pxVnoCMCqObDQXLZkqFipkYBljP5F2DHYLsEPTiDBrbeW8ubyu-Dfo0W0jWvYkMIWcXqxZ8L9NxtCjlQV_-EPFtuKbrs8d071piuY2yNIV8esn_uFIt80vkA0kCtg6GrlGG14JciFA_1GWZYHub4yl5VWhFd8aLJPNWy-1zuDijoKZZ1bVF9m-tazUkhYZj35yvkE7cfAX8dMZ_dcOFtpCg58v8e7tqGhSZeK4_HE0at-SGMqecUdJav9AqPVcjF9Qjv4ouPsNsOfeeJRHk2AnPvr1Qcw82RE.mTPKjth37CIUaiY9HN7F9S-xg0dFw_Dp62ps9gqXGcY&dib_tag=se&keywords=car+leather+conditioner&qid=1757874700&sr=8-7,fl oz,16.0,16.0,5.4375
9/14/2025,Automotive,Automotive,C4-Car leather conditioner,Leather and vinyl conditioner,Armor All Leather Care Gel 532 ml 9963,83.7,Armor All,amazon,https://www.amazon.sa/-/en/Armor-All-Leather-Care-9963/dp/B0002JSZ8I/ref=sr_1_10?dib=eyJ2IjoiMSJ9.5K-tRa3yr5pxVnoCMCqObDQXLZkqFipkYBljP5F2DHYLsEPTiDBrbeW8ubyu-Dfo0W0jWvYkMIWcXqxZ8L9NxtCjlQV_-EPFtuKbrs8d071piuY2yNIV8esn_uFIt80vkA0kCtg6GrlGG14JciFA_1GWZYHub4yl5VWhFd8aLJPNWy-1zuDijoKZZ1bVF9m-tazUkhYZj35yvkE7cfAX8dMZ_dcOFtpCg58v8e7tqGhSZeK4_HE0at-SGMqecUdJav9AqPVcjF9Qjv4ouPsNsOfeeJRHk2AnPvr1Qcw82RE.mTPKjth37CIUaiY9HN7F9S-xg0dFw_Dp62ps9gqXGcY&dib_tag=se&keywords=car+leather+conditioner&qid=1757874700&sr=8-10,ml,532.0,0.532,157.33082706766916
9/14/2025,Automotive,Automotive,C4-Car leather conditioner,Leather and vinyl conditioner,"PARKER & BAILEY LEATHER CLEANER & CONDITIONER – Restores & Conditions Leather, Cleaner For Upholstery or Car Interior, Car Leather Seat Cleaner, Faux Leather, Furniture, Handbags, Shoes & More 12oz",39.95,Parker & Bailey,amazon,https://www.amazon.sa/-/en/PARKER-BAILEY-LEATHER-CLEANER-CONDITIONER/dp/B072KWPR8Z/ref=sr_1_11?dib=eyJ2IjoiMSJ9.5K-tRa3yr5pxVnoCMCqObDQXLZkqFipkYBljP5F2DHYLsEPTiDBrbeW8ubyu-Dfo0W0jWvYkMIWcXqxZ8L9NxtCjlQV_-EPFtuKbrs8d071piuY2yNIV8esn_uFIt80vkA0kCtg6GrlGG14JciFA_1GWZYHub4yl5VWhFd8aLJPNWy-1zuDijoKZZ1bVF9m-tazUkhYZj35yvkE7cfAX8dMZ_dcOFtpCg58v8e7tqGhSZeK4_HE0at-SGMqecUdJav9AqPVcjF9Qjv4ouPsNsOfeeJRHk2AnPvr1Qcw82RE.mTPKjth37CIUaiY9HN7F9S-xg0dFw_Dp62ps9gqXGcY&dib_tag=se&keywords=car+leather+conditioner&qid=1757874700&sr=8-11,fl oz,12.0,12.0,3.329166666666667
9/14/2025,Automotive,Automotive,C4-Car leather conditioner,Leather and vinyl conditioner,"Chemical Guys SPI_401_16 Vintage Series Leather Conditioner for Leather Car Interiors, Seats, Boots, Bags and More (Works on Natural, Synthetic, Pleather, Faux Leather and More), 16 fl oz",192.25,Chemical Guys,amazon,https://www.amazon.sa/-/en/Chemical-Guys-SPI_401_16-Conditioner-Interiors/dp/B00FALVXLY/ref=sr_1_17?dib=eyJ2IjoiMSJ9.5K-tRa3yr5pxVnoCMCqObDQXLZkqFipkYBljP5F2DHYLsEPTiDBrbeW8ubyu-Dfo0W0jWvYkMIWcXqxZ8L9NxtCjlQV_-EPFtuKbrs8d071piuY2yNIV8esn_uFIt80vkA0kCtg6GrlGG14JciFA_1GWZYHub4yl5VWhFd8aLJPNWy-1zuDijoKZZ1bVF9m-tazUkhYZj35yvkE7cfAX8dMZ_dcOFtpCg58v8e7tqGhSZeK4_HE0at-SGMqecUdJav9AqPVcjF9Qjv4ouPsNsOfeeJRHk2AnPvr1Qcw82RE.mTPKjth37CIUaiY9HN7F9S-xg0dFw_Dp62ps9gqXGcY&dib_tag=se&keywords=car+leather+conditioner&qid=1757874700&sr=8-17,fl oz,16.0,16.0,12.015625
9/14/2025,Automotive,Automotive,C4-Car leather conditioner,Leather and vinyl conditioner,SONAX LEATHER CARE (500 ml) - Gently cleans and maintains all types of smooth leather. Water-repellent. Restores colours. | Item-No. 02912000-544,69.72,SONAX,amazon,https://www.amazon.sa/-/en/SONAX-LEATHER-CARE-500-Water-repellent/dp/B004GHMRT0/ref=sr_1_27?dib=eyJ2IjoiMSJ9.5K-tRa3yr5pxVnoCMCqObDQXLZkqFipkYBljP5F2DHYLsEPTiDBrbeW8ubyu-Dfo0W0jWvYkMIWcXqxZ8L9NxtCjlQV_-EPFtuKbrs8d071piuY2yNIV8esn_uFIt80vkA0kCtg6GrlGG14JciFA_1GWZYHub4yl5VWhFd8aLJPNWy-1zuDijoKZZ1bVF9m-tazUkhYZj35yvkE7cfAX8dMZ_dcOFtpCg58v8e7tqGhSZeK4_HE0at-SGMqecUdJav9AqPVcjF9Qjv4ouPsNsOfeeJRHk2AnPvr1Qcw82RE.mTPKjth37CIUaiY9HN7F9S-xg0dFw_Dp62ps9gqXGcY&dib_tag=se&keywords=car+leather+conditioner&qid=1757874700&sr=8-27,ml,500.0,0.5,139.44
9/14/2025,Automotive,Automotive,C4-Car leather conditioner,Leather and vinyl conditioner,"Leather CPR Cleaner & Conditioner 18oz - Cleans, Conditions, Restores & Protects Leather Furniture, Handbags, Car Seats, Interior, Jackets, Boots, Purses, Shoes, Couch, Saddles, Tack & More",169.0,Leather CPR,amazon,https://www.amazon.sa/-/en/Leather-CPR-Cleaner-Conditioner-18oz/dp/B00GRT125A/ref=sr_1_45?dib=eyJ2IjoiMSJ9.5K-tRa3yr5pxVnoCMCqObDQXLZkqFipkYBljP5F2DHYLsEPTiDBrbeW8ubyu-Dfo0W0jWvYkMIWcXqxZ8L9NxtCjlQV_-EPFtuKbrs8d071piuY2yNIV8esn_uFIt80vkA0kCtg6GrlGG14JciFA_1GWZYHub4yl5VWhFd8aLJPNWy-1zuDijoKZZ1bVF9m-tazUkhYZj35yvkE7cfAX8dMZ_dcOFtpCg58v8e7tqGhSZeK4_HE0at-SGMqecUdJav9AqPVcjF9Qjv4ouPsNsOfeeJRHk2AnPvr1Qcw82RE.mTPKjth37CIUaiY9HN7F9S-xg0dFw_Dp62ps9gqXGcY&dib_tag=se&keywords=car+leather+conditioner&qid=1757874700&sr=8-45,fl oz,18.0,18.0,9.38888888888889
9/14/2025,Automotive,Automotive,C4-Car leather conditioner,Leather and vinyl conditioner,Weiman Leather Cleaner & Conditioner Spray,47.9,Weiman,amazon,https://www.amazon.sa/-/en/Weiman-Leather-Cleaner-Conditioner-Spray/dp/B007C5W4UK/ref=sr_1_48?dib=eyJ2IjoiMSJ9.5K-tRa3yr5pxVnoCMCqObDQXLZkqFipkYBljP5F2DHYLsEPTiDBrbeW8ubyu-Dfo0W0jWvYkMIWcXqxZ8L9NxtCjlQV_-EPFtuKbrs8d071piuY2yNIV8esn_uFIt80vkA0kCtg6GrlGG14JciFA_1GWZYHub4yl5VWhFd8aLJPNWy-1zuDijoKZZ1bVF9m-tazUkhYZj35yvkE7cfAX8dMZ_dcOFtpCg58v8e7tqGhSZeK4_HE0at-SGMqecUdJav9AqPVcjF9Qjv4ouPsNsOfeeJRHk2AnPvr1Qcw82RE.mTPKjth37CIUaiY9HN7F9S-xg0dFw_Dp62ps9gqXGcY&dib_tag=se&keywords=car+leather+conditioner&qid=1757874700&sr=8-48,ml,355.0,0.355,134.92957746478874
9/14/2025,Automotive,Automotive,C4-Car leather conditioner,Leather and vinyl conditioner,Weiman UV-Resistant 3-In-1 Leather Cleaner and Conditioner Spray 355ml,55.95,Weiman,saco,https://www.saco.sa/en/Weiman-UV-Resistant-3-In-1-Leather-Cleaner-and-Conditioner-Spray-355ml/p/000000000000034316,ml,355.0,0.355,157.60563380281693
9/14/2025,Automotive,Automotive,C4-Car leather conditioner,Leather and vinyl conditioner,Mr. Leather Cleaner and Conditioner 240ml,34.95,Mr. Leather,saco,https://www.saco.sa/en/Mr-Leather-Cleaner-and-Conditioner-240ml/p/000000000000002552,ml,240.0,0.24,145.62500000000003
9/14/2025,Automotive,Automotive,C4-Car leather conditioner,Leather and vinyl conditioner,Mr. Leather Cleaner and Conditioner 473ml,39.95,Mr. Leather,saco,https://www.saco.sa/en/Mr-Leather-Cleaner-and-Conditioner-473ml/p/000000000000032221,ml,473.0,0.473,84.46088794926006
9/14/2025,Automotive,Automotive,C4-Car leather conditioner,Leather and vinyl conditioner,Mothers VLR Cleaner and Conditioner 710ml,47.95,Mothers,saco,https://www.saco.sa/en/Mothers-VLR-Cleaner-and-Conditioner-710ml/p/000000000000063395,ml,710.0,0.71,67.53521126760565
9/14/2025,Automotive,Automotive,C4-Car leather conditioner,Leather and vinyl conditioner,Turtle Wax Quick and Easy Luxe Leather Cleaner and Conditioner 473ml,44.95,Turtle Wax,saco,https://www.saco.sa/en/Turtle-Wax-Quick-and-Easy-Luxe-Leather-Cleaner-and-Conditioner-473ml/p/000000000000016488,ml,473.0,0.473,95.03171247357297
9/14/2025,Automotive,Automotive,C4-Car dashboard and plastic protectant,Surface lubricant and protectant,"Chemical Guys TVD_109_16 Silk Shine Spray-able Dry-To-The-Touch Dressing and Protectant for Tires, Trim, Vinyl, Plastic and More, Safe for Cars, Trucks, Motorcycles, RVs & More, 16 fl oz",76.51,Chemical Guys,amazon,https://www.amazon.sa/-/en/Chemical-Guys-TVD_109_16-Spray-able-Motorcycles/dp/B001TI1F5Q/ref=sr_1_4?dib=eyJ2IjoiMSJ9.JlCahzeU_szR_CkaCRcs_VQzkCMStevdM3H5KjF8oWtI5i7cQXrYPkVjnBSRp6f7w6_ksy0LlPGfnwU8y88DMLSzSp3T562kRDQ_QSG9vcRJbuLpsfvYodQcyLVIIGt3Hug_B9ved4GwasbLRy90U5_wkGW6MHGnu_kQ1jMzz7VD_xoG8BNYUyRuUKvrIyX9zGSx7axueViN_5rpXgLNtSB_eBeQZVJA6HJ9x7COjytiPY2jccDdrT1ADtO4zYF_t0Z4Pmh11iS7WHtem4FfWbsrLoPnFrbKd5TFPpcSh34.dPawBuGtBQSzXmStMgTQD5iZHH98nr7pxoxqXbUecq8&dib_tag=se&keywords=car+dashboard+and+plastic+protectant&qid=1757875014&sr=8-4,fl oz,16.0,16.0,4.781875
9/14/2025,Automotive,Automotive,C4-Car dashboard and plastic protectant,Surface lubricant and protectant,"Meguiar's ultimate car protectant, 15.2 oz",129.0,Meguiar's,amazon,https://www.amazon.sa/-/en/Meguiars-ultimate-car-protectant-15-2/dp/B004HCS4P0/ref=sr_1_11?dib=eyJ2IjoiMSJ9.JlCahzeU_szR_CkaCRcs_VQzkCMStevdM3H5KjF8oWtI5i7cQXrYPkVjnBSRp6f7w6_ksy0LlPGfnwU8y88DMLSzSp3T562kRDQ_QSG9vcRJbuLpsfvYodQcyLVIIGt3Hug_B9ved4GwasbLRy90U5_wkGW6MHGnu_kQ1jMzz7VD_xoG8BNYUyRuUKvrIyX9zGSx7axueViN_5rpXgLNtSB_eBeQZVJA6HJ9x7COjytiPY2jccDdrT1ADtO4zYF_t0Z4Pmh11iS7WHtem4FfWbsrLoPnFrbKd5TFPpcSh34.dPawBuGtBQSzXmStMgTQD5iZHH98nr7pxoxqXbUecq8&dib_tag=se&keywords=car+dashboard+and+plastic+protectant&qid=1757875014&sr=8-11,fl oz,15.2,15.2,8.486842105263158
9/14/2025,Automotive,Automotive,C4-Car dashboard and plastic protectant,Surface lubricant and protectant,"Turtle Wax 53787 Hybrid Solutions Ceramic Graphene Inside Job, Interior All Purpose Car Cleaner and Protectant, Odor Eliminator, Works on Leather, Vinyl, Plastic, Rubber and More, 16 fl oz",89.07,Turtle Wax,amazon,https://www.amazon.sa/-/en/Turtle-Wax-53787-Protectant-Eliminator/dp/B09L1MKB8R/ref=sr_1_26?dib=eyJ2IjoiMSJ9.JlCahzeU_szR_CkaCRcs_VQzkCMStevdM3H5KjF8oWtI5i7cQXrYPkVjnBSRp6f7w6_ksy0LlPGfnwU8y88DMLSzSp3T562kRDQ_QSG9vcRJbuLpsfvYodQcyLVIIGt3Hug_B9ved4GwasbLRy90U5_wkGW6MHGnu_kQ1jMzz7VD_xoG8BNYUyRuUKvrIyX9zGSx7axueViN_5rpXgLNtSB_eBeQZVJA6HJ9x7COjytiPY2jccDdrT1ADtO4zYF_t0Z4Pmh11iS7WHtem4FfWbsrLoPnFrbKd5TFPpcSh34.dPawBuGtBQSzXmStMgTQD5iZHH98nr7pxoxqXbUecq8&dib_tag=se&keywords=car+dashboard+and+plastic+protectant&qid=1757875014&sr=8-26,fl oz,16.0,16.0,5.566875
9/14/2025,Automotive,Automotive,C4-Car dashboard and plastic protectant,Surface lubricant and protectant,"Chemical Guys TVD_107_16 VRP Vinyl, Rubber and Plastic Non-Greasy Dry-to-the-Touch Long Lasting Super Shine Dressing for Tires, Trim and More, Safe for Cars, Trucks, SUVs, RVs & More, 16 fl oz",129.0,Chemical Guys,amazon,https://www.amazon.sa/-/en/Chemical-Guys-TVD_107_16-Non-Greasy-Dressing/dp/B00FJIT9BO/ref=sr_1_33?dib=eyJ2IjoiMSJ9.JlCahzeU_szR_CkaCRcs_VQzkCMStevdM3H5KjF8oWtI5i7cQXrYPkVjnBSRp6f7w6_ksy0LlPGfnwU8y88DMLSzSp3T562kRDQ_QSG9vcRJbuLpsfvYodQcyLVIIGt3Hug_B9ved4GwasbLRy90U5_wkGW6MHGnu_kQ1jMzz7VD_xoG8BNYUyRuUKvrIyX9zGSx7axueViN_5rpXgLNtSB_eBeQZVJA6HJ9x7COjytiPY2jccDdrT1ADtO4zYF_t0Z4Pmh11iS7WHtem4FfWbsrLoPnFrbKd5TFPpcSh34.dPawBuGtBQSzXmStMgTQD5iZHH98nr7pxoxqXbUecq8&dib_tag=se&keywords=car+dashboard+and+plastic+protectant&qid=1757875014&sr=8-33,fl oz,16.0,16.0,8.0625
9/14/2025,Automotive,Automotive,C4-Car dashboard and plastic protectant,Surface lubricant and protectant,"Turtle Wax 53482 Hybrid Solutions Streak Free Misting Car Interior Detailer and Cleaner, for Dashboards and Consoles, Use on Plastic, Vinyl, Leather, Rubber, Screens and Glass, UV Protection, 20 oz",70.0,Turtle Wax,amazon,https://www.amazon.sa/-/en/Turtle-Wax-53482-Dashboards-Protection/dp/B096HM2SPM/ref=sr_1_34?dib=eyJ2IjoiMSJ9.JlCahzeU_szR_CkaCRcs_VQzkCMStevdM3H5KjF8oWtI5i7cQXrYPkVjnBSRp6f7w6_ksy0LlPGfnwU8y88DMLSzSp3T562kRDQ_QSG9vcRJbuLpsfvYodQcyLVIIGt3Hug_B9ved4GwasbLRy90U5_wkGW6MHGnu_kQ1jMzz7VD_xoG8BNYUyRuUKvrIyX9zGSx7axueViN_5rpXgLNtSB_eBeQZVJA6HJ9x7COjytiPY2jccDdrT1ADtO4zYF_t0Z4Pmh11iS7WHtem4FfWbsrLoPnFrbKd5TFPpcSh34.dPawBuGtBQSzXmStMgTQD5iZHH98nr7pxoxqXbUecq8&dib_tag=se&keywords=car+dashboard+and+plastic+protectant&qid=1757875014&sr=8-34,fl oz,20.0,20.0,3.5
9/14/2025,Automotive,Automotive,C4-Car dashboard and plastic protectant,Surface lubricant and protectant,ArmorAll Original Protectant 473ml,54.95,ArmorAll,saco,https://www.saco.sa/en/ArmorAll-Original-Protectant-473ml/p/000000000000920412,ml,473.0,0.473,116.17336152219876
9/14/2025,Automotive,Automotive,C4-Car dashboard and plastic protectant,Surface lubricant and protectant,ArmorAll Original Protectant 828ml,89.95,ArmorAll,saco,https://www.saco.sa/en/ArmorAll-Original-Protectant-828ml/p/000000000000034040,ml,828.0,0.828,108.6352657004831
9/14/2025,Automotive,Automotive,C4-Car dashboard and plastic protectant,Surface lubricant and protectant,Formula1 High Performance Protectant 295ml,21.95,Formula1,saco,https://www.saco.sa/en/Formula1-High-Performance-Protectant-295ml/p/000000000000002551,ml,295.0,0.295,74.40677966101696
9/14/2025,Automotive,Automotive,C4-Car dashboard and plastic protectant,Surface lubricant and protectant,Formula1 New Car Scent High Performance Protectant 315ml,24.95,Formula1,saco,https://www.saco.sa/en/Formula1-New-Car-Scent-High-Performance-Protectant-315ml/p/000000000000015752,ml,315.0,0.315,79.2063492063492
9/14/2025,Automotive,Automotive,C4-Car dashboard and plastic protectant,Surface lubricant and protectant,Formula1 Citrus Scent High Performance Protectant 315ml,24.95,Formula1,saco,https://www.saco.sa/en/Formula1-Citrus-Scent-High-Performance-Protectant-315ml/p/000000000000015753,ml,315.0,0.315,79.2063492063492
9/14/2025,Automotive,Automotive,C4-Car dashboard and plastic protectant,Surface lubricant and protectant,ArmorAll Original Protectant 236ml,24.95,ArmorAll,saco,https://www.saco.sa/en/ArmorAll-Original-Protectant-236ml/p/000000000000038256,ml,236.0,0.236,105.72033898305084
9/14/2025,Automotive,Automotive,C4-Car air freshener,Air freshener,"Lor'x Air Freshener 500 ml, Signature",16.03,Lor'x,amazon,https://www.amazon.sa/-/en/Lorx-Air-Freshener-500-Signature/dp/B0BYPKSKN6/ref=sr_1_33?dib=eyJ2IjoiMSJ9.M6krfCoVkt8joIGilQYg1G4xB5h2iFJ6nPs04Ji5tTiAs3d49kenO3Hd8MK9qu391t68IHHOAxK9AU8KkqOfN7eaULi7K5KYi5nwop2M5or8zi-kI6QsyFC_L5RYt6_1FiuDNzQy_d-X-ZuttGJyxyJeUIOfhuqTyYFrqptsYLsOZaSI7Qw24j75ljFkkegTqhcBevU7VGwLHM8XMX4YS95R5pKgZpQE6fYhAKlYb-m10XUE6w35MS8M8q4uC6gYnyrkyHowItUOLY0Ug0R_cPCzG9a4t6rw_PiM5XS4tLg.XDkmA3s3Mt03WgHvTtPuxAsfP-aLj_kCfMUL6cxQVBI&dib_tag=se&keywords=car+air+freshener&qid=1757875859&sr=8-33,ml,500.0,0.5,32.06
9/14/2025,Automotive,Automotive,C4-Car air freshener,Air freshener,"Meguiar's G181302 Whole Car Air Re-Fresher Odor Eliminator Mist, Black Chrome Scent, 2 Oz",104.77,Meguiar's,amazon,https://www.amazon.sa/-/en/Meguiars-G181302-Re-Fresher-Eliminator-Chrome/dp/B06WRSV3FB/ref=sr_1_34?dib=eyJ2IjoiMSJ9.M6krfCoVkt8joIGilQYg1G4xB5h2iFJ6nPs04Ji5tTiAs3d49kenO3Hd8MK9qu391t68IHHOAxK9AU8KkqOfN7eaULi7K5KYi5nwop2M5or8zi-kI6QsyFC_L5RYt6_1FiuDNzQy_d-X-ZuttGJyxyJeUIOfhuqTyYFrqptsYLsOZaSI7Qw24j75ljFkkegTqhcBevU7VGwLHM8XMX4YS95R5pKgZpQE6fYhAKlYb-m10XUE6w35MS8M8q4uC6gYnyrkyHowItUOLY0Ug0R_cPCzG9a4t6rw_PiM5XS4tLg.XDkmA3s3Mt03WgHvTtPuxAsfP-aLj_kCfMUL6cxQVBI&dib_tag=se&keywords=car+air+freshener&qid=1757875859&sr=8-34,fl oz,2.0,2.0,52.385
9/14/2025,Automotive,Automotive,C4-Car air freshener,Air freshener,Bullsone 2-Piece Vogue Café Mocha Car Air Freshener 130g,29.95,Bullsone,saco,https://www.saco.sa/en/Bullsone-2-Piece-Vogue-Caf%C3%A9-Mocha-Car-Air-Freshener-130g/p/000000000000069524,g,130.0,130.0,0.2303846153846153
9/14/2025,Automotive,Automotive,C4-Car air freshener,Air freshener,Bullsone 2-Piece Vogue Lemongrass Car Air Freshener 130g,29.95,Bullsone,saco,https://www.saco.sa/en/Bullsone-2-Piece-Vogue-Lemongrass-Car-Air-Freshener-130g/p/000000000000069527,g,130.0,130.0,0.2303846153846153
9/14/2025,Automotive,Automotive,C4-Car odor eliminator,Odor eliminator,"Herios Car Air Refresher, Car AC Cleaner, Odor Eliminator with New Car Scent, 250ml",24.99,Herios,amazon,https://www.amazon.sa/-/en/Herios-Refresher-Cleaner-Eliminator-Scent/dp/B0DGGS29KV/ref=sr_1_5?dib=eyJ2IjoiMSJ9._gj0SJR5RSfl9TURlX79H-jc7GJJpoX32gDYWpnEnMSw3uVxp4walXVKKa8Z6xL9bZzJVH8VfPJtrLuRSd2Gr_6DmDPU7_Vf4_LDNEQ5NzmTZyREDDNmXV_3eoFmKl2Ysw5GBQtVwJOpbRB3a1Z-xCYcIXx_IN-sy3lLi4GN7PLDcHstRbjD5wGYpNN_ZuYgMczwf0ut10DTdMpSUfFxYItHMDaaPkoSYKyJnsIQ5_WIicuqN67CirzwCc2c-UCfjHE14U9SxJiUaby-NUmxe4Zuuto8OSkPbHf9r7QssIQ.Ycm3PqfzVO7tjnnqnttZfblU-RRd_ywl-MyUx3gEvBI&dib_tag=se&keywords=car+odor+eliminator&qid=1757876177&sr=8-5,ml,250.0,0.25,99.96
9/14/2025,Automotive,Automotive,C4-Car odor eliminator,Odor eliminator,"Meguiar's G181302 Whole Car Air Re-Fresher Odor Eliminator Mist, Black Chrome Scent, 2 Oz",104.77,Meguiar's,amazon,https://www.amazon.sa/-/en/Meguiars-G181302-Re-Fresher-Eliminator-Chrome/dp/B06WRSV3FB/ref=sr_1_8?dib=eyJ2IjoiMSJ9._gj0SJR5RSfl9TURlX79H-jc7GJJpoX32gDYWpnEnMSw3uVxp4walXVKKa8Z6xL9bZzJVH8VfPJtrLuRSd2Gr_6DmDPU7_Vf4_LDNEQ5NzmTZyREDDNmXV_3eoFmKl2Ysw5GBQtVwJOpbRB3a1Z-xCYcIXx_IN-sy3lLi4GN7PLDcHstRbjD5wGYpNN_ZuYgMczwf0ut10DTdMpSUfFxYItHMDaaPkoSYKyJnsIQ5_WIicuqN67CirzwCc2c-UCfjHE14U9SxJiUaby-NUmxe4Zuuto8OSkPbHf9r7QssIQ.Ycm3PqfzVO7tjnnqnttZfblU-RRd_ywl-MyUx3gEvBI&dib_tag=se&keywords=car+odor+eliminator&qid=1757876177&sr=8-8,fl oz,2.0,2.0,52.385
9/14/2025,Automotive,Automotive,C4-Car odor eliminator,Odor eliminator,"Meguiar’s Air Re-Fresher Odor Fighting Spray - New Car Scent - Convenient Car Air Freshener that Instantly Fights Odors and Leaves Behind a Long-Lasting New Car Scent, 8 Oz Trigger Spray",82.86,Meguiar's,amazon,https://www.amazon.sa/-/en/Meguiars-Re-Fresher-Odor-Fighting-Spray/dp/B0DLCRCCL1/ref=sr_1_12?dib=eyJ2IjoiMSJ9._gj0SJR5RSfl9TURlX79H-jc7GJJpoX32gDYWpnEnMSw3uVxp4walXVKKa8Z6xL9bZzJVH8VfPJtrLuRSd2Gr_6DmDPU7_Vf4_LDNEQ5NzmTZyREDDNmXV_3eoFmKl2Ysw5GBQtVwJOpbRB3a1Z-xCYcIXx_IN-sy3lLi4GN7PLDcHstRbjD5wGYpNN_ZuYgMczwf0ut10DTdMpSUfFxYItHMDaaPkoSYKyJnsIQ5_WIicuqN67CirzwCc2c-UCfjHE14U9SxJiUaby-NUmxe4Zuuto8OSkPbHf9r7QssIQ.Ycm3PqfzVO7tjnnqnttZfblU-RRd_ywl-MyUx3gEvBI&dib_tag=se&keywords=car+odor+eliminator&qid=1757876177&sr=8-12,fl oz,8.0,8.0,10.3575
9/14/2025,Automotive,Automotive,C4-Car odor eliminator,Odor eliminator,CHEMICAL GUYS Leather Scent Air Freshener And Odor Eliminator 473 ML (AIR_102_16),73.75,Chemical Guys,amazon,https://www.amazon.sa/-/en/CHEMICAL-Leather-Freshener-Eliminator-AIR_102_16/dp/B002J858HQ/ref=sr_1_13?dib=eyJ2IjoiMSJ9._gj0SJR5RSfl9TURlX79H-jc7GJJpoX32gDYWpnEnMSw3uVxp4walXVKKa8Z6xL9bZzJVH8VfPJtrLuRSd2Gr_6DmDPU7_Vf4_LDNEQ5NzmTZyREDDNmXV_3eoFmKl2Ysw5GBQtVwJOpbRB3a1Z-xCYcIXx_IN-sy3lLi4GN7PLDcHstRbjD5wGYpNN_ZuYgMczwf0ut10DTdMpSUfFxYItHMDaaPkoSYKyJnsIQ5_WIicuqN67CirzwCc2c-UCfjHE14U9SxJiUaby-NUmxe4Zuuto8OSkPbHf9r7QssIQ.Ycm3PqfzVO7tjnnqnttZfblU-RRd_ywl-MyUx3gEvBI&dib_tag=se&keywords=car+odor+eliminator&qid=1757876177&sr=8-13,ml,473.0,0.473,155.91966173361524
9/14/2025,Automotive,Automotive,C4-Car odor eliminator,Odor eliminator,"Ozium 8 Oz. Air Sanitizer & Odor Eliminator for Homes, Cars, Offices and More, Original Scent, Pack of 2",137.0,Ozium,amazon,https://www.amazon.sa/-/en/Ozium-Oz-Sanitizer-Eliminator-Original/dp/B086T517RH/ref=sr_1_33?dib=eyJ2IjoiMSJ9._gj0SJR5RSfl9TURlX79H-jc7GJJpoX32gDYWpnEnMSw3uVxp4walXVKKa8Z6xL9bZzJVH8VfPJtrLuRSd2Gr_6DmDPU7_Vf4_LDNEQ5NzmTZyREDDNmXV_3eoFmKl2Ysw5GBQtVwJOpbRB3a1Z-xCYcIXx_IN-sy3lLi4GN7PLDcHstRbjD5wGYpNN_ZuYgMczwf0ut10DTdMpSUfFxYItHMDaaPkoSYKyJnsIQ5_WIicuqN67CirzwCc2c-UCfjHE14U9SxJiUaby-NUmxe4Zuuto8OSkPbHf9r7QssIQ.Ycm3PqfzVO7tjnnqnttZfblU-RRd_ywl-MyUx3gEvBI&dib_tag=se&keywords=car+odor+eliminator&qid=1757876177&sr=8-33,fl oz,8.0,8.0,17.125
9/14/2025,Automotive,Automotive,C4-Car odor eliminator,Odor eliminator,"SMELLS BEGONE Air Freshener Odor Absorber Gel - Absorbs Odor from Bathrooms, Cars, Pet Areas, Boats and RVs - Made with Essential Oils - Soothing Breeze Scent - 15 Ounce",36.95,SMELLS BEGONE,amazon,https://www.amazon.sa/-/en/SMELLS-BEGONE-Freshener-Odor-Absorber/dp/B00QM9VUWU/ref=sr_1_44?dib=eyJ2IjoiMSJ9._gj0SJR5RSfl9TURlX79H-jc7GJJpoX32gDYWpnEnMSw3uVxp4walXVKKa8Z6xL9bZzJVH8VfPJtrLuRSd2Gr_6DmDPU7_Vf4_LDNEQ5NzmTZyREDDNmXV_3eoFmKl2Ysw5GBQtVwJOpbRB3a1Z-xCYcIXx_IN-sy3lLi4GN7PLDcHstRbjD5wGYpNN_ZuYgMczwf0ut10DTdMpSUfFxYItHMDaaPkoSYKyJnsIQ5_WIicuqN67CirzwCc2c-UCfjHE14U9SxJiUaby-NUmxe4Zuuto8OSkPbHf9r7QssIQ.Ycm3PqfzVO7tjnnqnttZfblU-RRd_ywl-MyUx3gEvBI&dib_tag=se&keywords=car+odor+eliminator&qid=1757876177&sr=8-44,fl oz,15.0,15.0,2.4633333333333334
9/14/2025,Automotive,Automotive,C4-Car odor eliminator,Odor eliminator,"Zero Odor - Multi-Purpose Strong Odor Eliminator for Home, Office, Car, Bathroom, Hotel, Room Deodorizer, and Odor Neutralizer, 16oz",143.0,Zero Odor,amazon,https://www.amazon.sa/-/en/Zero-Odor-Multi-Purpose-Eliminator-Neutralizer/dp/B001J0C3OQ/ref=sr_1_46?dib=eyJ2IjoiMSJ9._gj0SJR5RSfl9TURlX79H-jc7GJJpoX32gDYWpnEnMSw3uVxp4walXVKKa8Z6xL9bZzJVH8VfPJtrLuRSd2Gr_6DmDPU7_Vf4_LDNEQ5NzmTZyREDDNmXV_3eoFmKl2Ysw5GBQtVwJOpbRB3a1Z-xCYcIXx_IN-sy3lLi4GN7PLDcHstRbjD5wGYpNN_ZuYgMczwf0ut10DTdMpSUfFxYItHMDaaPkoSYKyJnsIQ5_WIicuqN67CirzwCc2c-UCfjHE14U9SxJiUaby-NUmxe4Zuuto8OSkPbHf9r7QssIQ.Ycm3PqfzVO7tjnnqnttZfblU-RRd_ywl-MyUx3gEvBI&dib_tag=se&keywords=car+odor+eliminator&qid=1757876177&sr=8-46,fl oz,16.0,16.0,8.9375
9/14/2025,Automotive,Automotive,C4-Car odor eliminator,Odor eliminator,"Smart Clean Bagy Odor Eliminator Spray - 400ml, Instant Freshness for Home, Car, Pets, Smoke & Kitchen - Powerful Long-Lasting Deodorizer for Indoor & Outdoor Use",32.95,Smart Clean,amazon,https://www.amazon.sa/-/en/Smart-Clean-Bagy-Eliminator-Spray/dp/B0FD83PQGC/ref=sr_1_55?dib=eyJ2IjoiMSJ9._gj0SJR5RSfl9TURlX79H-jc7GJJpoX32gDYWpnEnMSw3uVxp4walXVKKa8Z6xL9bZzJVH8VfPJtrLuRSd2Gr_6DmDPU7_Vf4_LDNEQ5NzmTZyREDDNmXV_3eoFmKl2Ysw5GBQtVwJOpbRB3a1Z-xCYcIXx_IN-sy3lLi4GN7PLDcHstRbjD5wGYpNN_ZuYgMczwf0ut10DTdMpSUfFxYItHMDaaPkoSYKyJnsIQ5_WIicuqN67CirzwCc2c-UCfjHE14U9SxJiUaby-NUmxe4Zuuto8OSkPbHf9r7QssIQ.Ycm3PqfzVO7tjnnqnttZfblU-RRd_ywl-MyUx3gEvBI&dib_tag=se&keywords=car+odor+eliminator&qid=1757876177&sr=8-55,ml,400.0,0.4,82.375
9/14/2025,Automotive,Automotive,C4-Car odor eliminator,Odor eliminator,Armor All Smoke Freshness X Lovely Citrus Scent Midnight Air Rapid Odor Eliminator 2oz,39.95,Armor All,saco,https://www.saco.sa/en/Armor-All-Smoke-Freshness-X-Lovely-Citrus-Scent-Midnight-Air-Rapid-Odor-Eliminator-2oz/p/000000000000078756,fl oz,2.0,2.0,19.975
9/14/2025,Automotive,Automotive,C4-Car odor eliminator,Odor eliminator,Odor Stop MaxPro New Car Scent Odor Eliminator 1.4oz ZAR OSOMDCAR6-6366,19.95,Odor Stop,saco,https://www.saco.sa/en/Odor-Stop-MaxPro-New-Car-Scent-Odor-Eliminator-1-4oz-ZAR-OSOMDCAR6-6366/p/000000000000070701,fl oz,1.4,1.4,14.25
9/14/2025,Automotive,Automotive,C4-Car odor eliminator,Odor eliminator,Odor Stop Vanilla Scent Odor Eliminator 1.4oz,19.95,Odor Stop,saco,https://www.saco.sa/en/Odor-Stop-Vanilla-Scent-Odor-Eliminator-1-4oz/p/000000000000070702,fl oz,1.4,1.4,14.25
9/14/2025,Automotive,Automotive,C4-Car odor eliminator,Odor eliminator,Turtle Wax Aerosol Fresh Blast Odor Eliminator 3oz,69.95,Turtle Wax,saco,https://www.saco.sa/en/Turtle-Wax-Aerosol-Fresh-Blast-Odor-Eliminator-3oz/p/000000000000067839,fl oz,3.0,3.0,23.316666666666663
9/14/2025,Automotive,Automotive,C5-Car gum remover,Gum remover,"Goo Gone 2087 Remover Citrus, Yellow, 237 ml",29.95,Goo Gone,amazon,https://www.amazon.sa/-/en/Goo-Gone-2087-Remover-Citrus/dp/B00006IBNJ/ref=sr_1_5?dib=eyJ2IjoiMSJ9.DaJWVlLnC48PnuWaKWAG6xsazb3V5dp9sUgbfP0LwifUQHN604ShhxA6-k--1hJXzXJgEnayqY6fCvFYC6zxG0HB_Zuf7dLCeFfneExmMDIPvSU43MaN7CDSQq7Roi2juoYvsqMMFzBRBp0dco6w8hG928rlfb7EMdz3o1oMyeK6kLBVtBqCXqk8pNmga6Yc0MClzptRyKyw_YKDcck7k2Sr5z-jOnnyJ7RgOtvsm1lRm3TVS2PPxZLcq1KuSD2jj33ryKP3N7Deyqj-3Q64QQzO-zdiRwmcThfpBXJS8z8.F9xWdiD1j2BxtPHpRiZlWGDKpIcPO6yVOIV2qPxbmjk&dib_tag=se&keywords=car+gum+remover&qid=1757876509&sr=8-5,ml,237.0,0.237,126.37130801687763
9/14/2025,Automotive,Automotive,C5-Car gum remover,Gum remover,Goo Gone Original Liquid - 8 Ounce and Sticker Lifter - Surface Safe Adhesive Remover Safely Removes Stickers Labels Decals Residue Tape Chewing Gum Grease Tar Crayon Glue,121.0,Goo Gone,amazon,https://www.amazon.sa/-/en/Goo-Gone-Original-Liquid-Adhesive/dp/B07PW7J8QG/ref=sr_1_11?dib=eyJ2IjoiMSJ9.DaJWVlLnC48PnuWaKWAG6xsazb3V5dp9sUgbfP0LwifUQHN604ShhxA6-k--1hJXzXJgEnayqY6fCvFYC6zxG0HB_Zuf7dLCeFfneExmMDIPvSU43MaN7CDSQq7Roi2juoYvsqMMFzBRBp0dco6w8hG928rlfb7EMdz3o1oMyeK6kLBVtBqCXqk8pNmga6Yc0MClzptRyKyw_YKDcck7k2Sr5z-jOnnyJ7RgOtvsm1lRm3TVS2PPxZLcq1KuSD2jj33ryKP3N7Deyqj-3Q64QQzO-zdiRwmcThfpBXJS8z8.F9xWdiD1j2BxtPHpRiZlWGDKpIcPO6yVOIV2qPxbmjk&dib_tag=se&keywords=car+gum+remover&qid=1757876509&sr=8-11,fl oz,8.0,8.0,15.125
9/14/2025,Automotive,Automotive,C5-Car gum remover,Gum remover,Deca Flash By Mafra: 250 ml Spray Removes Asphalt Effects And Glue And Adhesives And Safe On All Surfaces,36.95,Mafra,amazon,https://www.amazon.sa/-/en/Deca-Flash-Mafra-Adhesives-Surfaces/dp/B00GA4Y9ZM/ref=sr_1_13?dib=eyJ2IjoiMSJ9.DaJWVlLnC48PnuWaKWAG6xsazb3V5dp9sUgbfP0LwifUQHN604ShhxA6-k--1hJXzXJgEnayqY6fCvFYC6zxG0HB_Zuf7dLCeFfneExmMDIPvSU43MaN7CDSQq7Roi2juoYvsqMMFzBRBp0dco6w8hG928rlfb7EMdz3o1oMyeK6kLBVtBqCXqk8pNmga6Yc0MClzptRyKyw_YKDcck7k2Sr5z-jOnnyJ7RgOtvsm1lRm3TVS2PPxZLcq1KuSD2jj33ryKP3N7Deyqj-3Q64QQzO-zdiRwmcThfpBXJS8z8.F9xWdiD1j2BxtPHpRiZlWGDKpIcPO6yVOIV2qPxbmjk&dib_tag=se&keywords=car+gum+remover&qid=1757876509&sr=8-13,ml,250.0,0.25,147.8
9/14/2025,Automotive,Automotive,C5-Car gum remover,Gum remover,"Goo Gone Pro Power Adhesive Remover - 8 Ounce - Use on Silicone, Caulk, Contractor's Adhesive, Tar, Adhesive, Grease, Gum, Decals",99.0,Goo Gone,amazon,https://www.amazon.sa/-/en/Goo-Gone-Power-Adhesive-Remover/dp/B00AXAR7EE/ref=sr_1_31?dib=eyJ2IjoiMSJ9.DaJWVlLnC48PnuWaKWAG6xsazb3V5dp9sUgbfP0LwifUQHN604ShhxA6-k--1hJXzXJgEnayqY6fCvFYC6zxG0HB_Zuf7dLCeFfneExmMDIPvSU43MaN7CDSQq7Roi2juoYvsqMMFzBRBp0dco6w8hG928rlfb7EMdz3o1oMyeK6kLBVtBqCXqk8pNmga6Yc0MClzptRyKyw_YKDcck7k2Sr5z-jOnnyJ7RgOtvsm1lRm3TVS2PPxZLcq1KuSD2jj33ryKP3N7Deyqj-3Q64QQzO-zdiRwmcThfpBXJS8z8.F9xWdiD1j2BxtPHpRiZlWGDKpIcPO6yVOIV2qPxbmjk&dib_tag=se&keywords=car+gum+remover&qid=1757876509&sr=8-31,fl oz,8.0,8.0,12.375
9/14/2025,Automotive,Automotive,C5-Car water spot remover,Stain remover,"Boat Bling Hot Sauce Premium Hard Water Spot Remover w/High-Gloss Wax Sealants, 32 oz.",147.48,Boat Bling,amazon,https://www.amazon.sa/-/en/Boat-Bling-Premium-High-Gloss-Sealants/dp/B006GWVBQ8/ref=sr_1_7?dib=eyJ2IjoiMSJ9.c268eWJGhcmbgHwhGkrNfA8cWJckuIDL6YZ4_xpRTbBzOiFhX9je5OXXmiQmXBd3P51Ajw0MvkIECXBxXa-yeYuE3E6AI0xL4oMYDB9Txbt--8nkaZ66kHXOpSOlzKeEr50u0U7IpQ1WbONRh9YDdRpxDZ5Mt_NxsTDktMHWdL_1_NXuidmp0deJrwnhKvo48vu3_u4V7rme4BKRcV_liqK-2QxspzuT5-zDizURIMZjXyG18K4T1CTSlWLKiQJJUr8vkzV66Jv_-Nklt3CZ_LBf-6hmTcehOjH4jT_RvQI.vDhEH0EvJDGT5jlhWs8-VobyefABS0VHvolaq4GkfmE&dib_tag=se&keywords=car+water+spot+remover&qid=1757876729&sr=8-7,fl oz,32.0,32.0,4.60875
9/14/2025,Automotive,Automotive,C5-Car water spot remover,Stain remover,Adam's Polishes Water Spot Remover 16oz,206.0,Adam's Polishes,amazon,https://www.amazon.sa/-/en/Adams-Polishes-Water-Spot-Remover/dp/B08G3L9GYX/ref=sr_1_36?dib=eyJ2IjoiMSJ9.c268eWJGhcmbgHwhGkrNfA8cWJckuIDL6YZ4_xpRTbBzOiFhX9je5OXXmiQmXBd3P51Ajw0MvkIECXBxXa-yeYuE3E6AI0xL4oMYDB9Txbt--8nkaZ66kHXOpSOlzKeEr50u0U7IpQ1WbONRh9YDdRpxDZ5Mt_NxsTDktMHWdL_1_NXuidmp0deJrwnhKvo48vu3_u4V7rme4BKRcV_liqK-2QxspzuT5-zDizURIMZjXyG18K4T1CTSlWLKiQJJUr8vkzV66Jv_-Nklt3CZ_LBf-6hmTcehOjH4jT_RvQI.vDhEH0EvJDGT5jlhWs8-VobyefABS0VHvolaq4GkfmE&dib_tag=se&keywords=car+water+spot+remover&qid=1757876729&sr=8-36,fl oz,16.0,16.0,12.875
9/14/2025,Automotive,Automotive,C5-Car water spot remover,Stain remover,Meguiar's M180232 Extreme Marine Water Spot Detailer - 32 oz.,209.84,Meguiar's,amazon,https://www.amazon.sa/-/en/Meguiars-M180232-Extreme-Marine-Detailer/dp/B06X19JG2Q/ref=sr_1_40?dib=eyJ2IjoiMSJ9.c268eWJGhcmbgHwhGkrNfA8cWJckuIDL6YZ4_xpRTbBzOiFhX9je5OXXmiQmXBd3P51Ajw0MvkIECXBxXa-yeYuE3E6AI0xL4oMYDB9Txbt--8nkaZ66kHXOpSOlzKeEr50u0U7IpQ1WbONRh9YDdRpxDZ5Mt_NxsTDktMHWdL_1_NXuidmp0deJrwnhKvo48vu3_u4V7rme4BKRcV_liqK-2QxspzuT5-zDizURIMZjXyG18K4T1CTSlWLKiQJJUr8vkzV66Jv_-Nklt3CZ_LBf-6hmTcehOjH4jT_RvQI.vDhEH0EvJDGT5jlhWs8-VobyefABS0VHvolaq4GkfmE&dib_tag=se&keywords=car+water+spot+remover&qid=1757876729&sr=8-40,fl oz,32.0,32.0,6.5575
9/14/2025,Automotive,Automotive,C5-Car water spot remover,Stain remover,MOTHERS 06712 California Gold Water Spot Remover for Glass - 12 oz.,212.74,Mothers,amazon,https://www.amazon.sa/-/en/MOTHERS-06712-California-Water-Remover/dp/B006VU36WC/ref=sr_1_45?dib=eyJ2IjoiMSJ9.c268eWJGhcmbgHwhGkrNfA8cWJckuIDL6YZ4_xpRTbBzOiFhX9je5OXXmiQmXBd3P51Ajw0MvkIECXBxXa-yeYuE3E6AI0xL4oMYDB9Txbt--8nkaZ66kHXOpSOlzKeEr50u0U7IpQ1WbONRh9YDdRpxDZ5Mt_NxsTDktMHWdL_1_NXuidmp0deJrwnhKvo48vu3_u4V7rme4BKRcV_liqK-2QxspzuT5-zDizURIMZjXyG18K4T1CTSlWLKiQJJUr8vkzV66Jv_-Nklt3CZ_LBf-6hmTcehOjH4jT_RvQI.vDhEH0EvJDGT5jlhWs8-VobyefABS0VHvolaq4GkfmE&dib_tag=se&keywords=car+water+spot+remover&qid=1757876729&sr=8-45,fl oz,12.0,12.0,17.728333333333335
9/14/2025,Automotive,Automotive,C5-Car bug and poop remover,Bug remover,Armor All Extreme Bug & Tar Remover (16 fluid ounces),69.9,Armor All,amazon,https://www.amazon.sa/-/en/Armor-All-Extreme-Remover-ounces/dp/B079TCS7L1/ref=sr_1_2?dib=eyJ2IjoiMSJ9.hSXGEcWf0jRI476T_uvSUF0C9d9ddhDq6xabqKrvhdoig-s3DZZje6echWMH6nvFAN7_f2UtzpgT11AvYsnqfSCnNmvDc24bFkDgUOSVfC-9_jJEdNwNHieMIdIJQrax8gW5lugW0w2C1Z9rKM1mRTFWCiw7LXF1wH-UUGIK_7DCWVvCp2-xlqVfQakeeP0fILqyUviSaJjLIBh0O-hi4fo7OPgsc0lXueNLSUUbwg8vtA6VzxYiby5XT5TP3I1gBYKqzTz2ytiIvtEv0TjNtYoYWnhg2DTWBr7pjQhpSRA.WYaUGsd_OGYg9ZlKI1SxSp1VtU1usqzhOyEDzlx1HZI&dib_tag=se&keywords=car+bug+and+poop+remover&qid=1757876927&sr=8-2,fl oz,16.0,16.0,4.36875
9/14/2025,Automotive,Automotive,C5-Car bug and poop remover,Bug remover,"Carfidant Bug Remover for Cars Exterior - Car Bug Cleaner Spray with Ceramic Coating - Removes Bug Splatter & Bird Poop - Safe on Paint, Glass, Plastic, Metal - Windshield Pre Wash - 18 fl oz + Sponge",154.81,Carfidant,amazon,https://www.amazon.sa/-/en/Carfidant-Bug-Remover-Cars-Exterior/dp/B0DGV541HR/ref=sr_1_4?dib=eyJ2IjoiMSJ9.hSXGEcWf0jRI476T_uvSUF0C9d9ddhDq6xabqKrvhdoig-s3DZZje6echWMH6nvFAN7_f2UtzpgT11AvYsnqfSCnNmvDc24bFkDgUOSVfC-9_jJEdNwNHieMIdIJQrax8gW5lugW0w2C1Z9rKM1mRTFWCiw7LXF1wH-UUGIK_7DCWVvCp2-xlqVfQakeeP0fILqyUviSaJjLIBh0O-hi4fo7OPgsc0lXueNLSUUbwg8vtA6VzxYiby5XT5TP3I1gBYKqzTz2ytiIvtEv0TjNtYoYWnhg2DTWBr7pjQhpSRA.WYaUGsd_OGYg9ZlKI1SxSp1VtU1usqzhOyEDzlx1HZI&dib_tag=se&keywords=car+bug+and+poop+remover&qid=1757876927&sr=8-4,fl oz,18.0,18.0,8.600555555555555
9/14/2025,Automotive,Automotive,C5-Car bug and poop remover,Bug remover,"Turtle Wax Bug & Tar Removal 500ml - Remove Bugs, Tar, Bird droppings and Tree sap",47.0,Turtle Wax,amazon,https://www.amazon.sa/-/en/Turtle-Wax-Bug-Removal-500ml/dp/B005CI87H8/ref=sr_1_8?dib=eyJ2IjoiMSJ9.hSXGEcWf0jRI476T_uvSUF0C9d9ddhDq6xabqKrvhdoig-s3DZZje6echWMH6nvFAN7_f2UtzpgT11AvYsnqfSCnNmvDc24bFkDgUOSVfC-9_jJEdNwNHieMIdIJQrax8gW5lugW0w2C1Z9rKM1mRTFWCiw7LXF1wH-UUGIK_7DCWVvCp2-xlqVfQakeeP0fILqyUviSaJjLIBh0O-hi4fo7OPgsc0lXueNLSUUbwg8vtA6VzxYiby5XT5TP3I1gBYKqzTz2ytiIvtEv0TjNtYoYWnhg2DTWBr7pjQhpSRA.WYaUGsd_OGYg9ZlKI1SxSp1VtU1usqzhOyEDzlx1HZI&dib_tag=se&keywords=car+bug+and+poop+remover&qid=1757876927&sr=8-8,ml,500.0,0.5,94.0
9/14/2025,Automotive,Automotive,C5-Car bug and poop remover,Bug remover,"Carfidant Bug Remover for Cars Exterior with Ceramic Coating - Easily and Safely Clean Bug Splatter, Bird Poop from Paint, Plastic, Rubber, Metal, Chrome, Glass - 128oz",296.5,Carfidant,amazon,https://www.amazon.sa/-/en/Carfidant-Remover-Exterior-Ceramic-Coating/dp/B0D3JD1HX1/ref=sr_1_9?dib=eyJ2IjoiMSJ9.hSXGEcWf0jRI476T_uvSUF0C9d9ddhDq6xabqKrvhdoig-s3DZZje6echWMH6nvFAN7_f2UtzpgT11AvYsnqfSCnNmvDc24bFkDgUOSVfC-9_jJEdNwNHieMIdIJQrax8gW5lugW0w2C1Z9rKM1mRTFWCiw7LXF1wH-UUGIK_7DCWVvCp2-xlqVfQakeeP0fILqyUviSaJjLIBh0O-hi4fo7OPgsc0lXueNLSUUbwg8vtA6VzxYiby5XT5TP3I1gBYKqzTz2ytiIvtEv0TjNtYoYWnhg2DTWBr7pjQhpSRA.WYaUGsd_OGYg9ZlKI1SxSp1VtU1usqzhOyEDzlx1HZI&dib_tag=se&keywords=car+bug+and+poop+remover&qid=1757876927&sr=8-9,fl oz,128.0,128.0,2.31640625
9/14/2025,Automotive,Automotive,C5-Car bug and poop remover,Bug remover,"Evo Dyne Bug and Tar Stain Remover for Cars (32 fl oz), Made in USA | Removes Tar, Droppings, Guts, Dirt, Grease, Tree Sap, & Bird Feces – Excellent Sap Remover for Car & Automobiles",194.0,Evo Dyne,amazon,https://www.amazon.sa/-/en/Evo-Dyne-Remover-Removes-Droppings/dp/B08RSQZQ92/ref=sr_1_11?dib=eyJ2IjoiMSJ9.hSXGEcWf0jRI476T_uvSUF0C9d9ddhDq6xabqKrvhdoig-s3DZZje6echWMH6nvFAN7_f2UtzpgT11AvYsnqfSCnNmvDc24bFkDgUOSVfC-9_jJEdNwNHieMIdIJQrax8gW5lugW0w2C1Z9rKM1mRTFWCiw7LXF1wH-UUGIK_7DCWVvCp2-xlqVfQakeeP0fILqyUviSaJjLIBh0O-hi4fo7OPgsc0lXueNLSUUbwg8vtA6VzxYiby5XT5TP3I1gBYKqzTz2ytiIvtEv0TjNtYoYWnhg2DTWBr7pjQhpSRA.WYaUGsd_OGYg9ZlKI1SxSp1VtU1usqzhOyEDzlx1HZI&dib_tag=se&keywords=car+bug+and+poop+remover&qid=1757876927&sr=8-11,fl oz,32.0,32.0,6.0625
9/14/2025,Automotive,Automotive,C5-Car bug and poop remover,Bug remover,"32 oz Bird Poop Remover for Cars, Trucks, Motorcycles, and Outdoor Vehicles - Powerful Stain Remover Safe on Paint, Eco-Friendly Formula for Easy Cleaning and Protection - Made in the USA",234.2,Riverside Essentials,amazon,https://www.amazon.sa/-/en/Remover-Trucks-Motorcycles-Outdoor-Vehicles/dp/B0DHYLVPKD/ref=sr_1_13?dib=eyJ2IjoiMSJ9.hSXGEcWf0jRI476T_uvSUF0C9d9ddhDq6xabqKrvhdoig-s3DZZje6echWMH6nvFAN7_f2UtzpgT11AvYsnqfSCnNmvDc24bFkDgUOSVfC-9_jJEdNwNHieMIdIJQrax8gW5lugW0w2C1Z9rKM1mRTFWCiw7LXF1wH-UUGIK_7DCWVvCp2-xlqVfQakeeP0fILqyUviSaJjLIBh0O-hi4fo7OPgsc0lXueNLSUUbwg8vtA6VzxYiby5XT5TP3I1gBYKqzTz2ytiIvtEv0TjNtYoYWnhg2DTWBr7pjQhpSRA.WYaUGsd_OGYg9ZlKI1SxSp1VtU1usqzhOyEDzlx1HZI&dib_tag=se&keywords=car+bug+and+poop+remover&qid=1757876927&sr=8-13,fl oz,32.0,32.0,7.31875
9/14/2025,Automotive,Automotive,C5-Car bug and poop remover,Bug remover,"CAR CARE HAVEN Remover X - Tar, Goo, Road Grime, Bird Poop, Cleaner for Vehicles - Windshields, Mirrors, Grills & Hood-Dirt Removal Spray for Cars, Motorcycle, Boat (128 oz - Concentrate)",148.04,CAR CARE HAVEN,amazon,https://www.amazon.sa/-/en/CAR-CARE-HAVEN-Remover-Windshields/dp/B09CFYJ8D7/ref=sr_1_15?dib=eyJ2IjoiMSJ9.hSXGEcWf0jRI476T_uvSUF0C9d9ddhDq6xabqKrvhdoig-s3DZZje6echWMH6nvFAN7_f2UtzpgT11AvYsnqfSCnNmvDc24bFkDgUOSVfC-9_jJEdNwNHieMIdIJQrax8gW5lugW0w2C1Z9rKM1mRTFWCiw7LXF1wH-UUGIK_7DCWVvCp2-xlqVfQakeeP0fILqyUviSaJjLIBh0O-hi4fo7OPgsc0lXueNLSUUbwg8vtA6VzxYiby5XT5TP3I1gBYKqzTz2ytiIvtEv0TjNtYoYWnhg2DTWBr7pjQhpSRA.WYaUGsd_OGYg9ZlKI1SxSp1VtU1usqzhOyEDzlx1HZI&dib_tag=se&keywords=car+bug+and+poop+remover&qid=1757876927&sr=8-15,fl oz,128.0,128.0,1.1565625
9/14/2025,Automotive,Automotive,C5-Car bug and poop remover,Bug remover,"Poop-Off Bird Poop Remover Sprayer, 32 oz",292.0,Poop-Off,amazon,https://www.amazon.sa/-/en/Poop-Off-Bird-Remover-Sprayer-32/dp/B0002G7ZQE/ref=sr_1_16?dib=eyJ2IjoiMSJ9.hSXGEcWf0jRI476T_uvSUF0C9d9ddhDq6xabqKrvhdoig-s3DZZje6echWMH6nvFAN7_f2UtzpgT11AvYsnqfSCnNmvDc24bFkDgUOSVfC-9_jJEdNwNHieMIdIJQrax8gW5lugW0w2C1Z9rKM1mRTFWCiw7LXF1wH-UUGIK_7DCWVvCp2-xlqVfQakeeP0fILqyUviSaJjLIBh0O-hi4fo7OPgsc0lXueNLSUUbwg8vtA6VzxYiby5XT5TP3I1gBYKqzTz2ytiIvtEv0TjNtYoYWnhg2DTWBr7pjQhpSRA.WYaUGsd_OGYg9ZlKI1SxSp1VtU1usqzhOyEDzlx1HZI&dib_tag=se&keywords=car+bug+and+poop+remover&qid=1757876927&sr=8-16,fl oz,32.0,32.0,9.125
9/14/2025,Automotive,Automotive,C6-Car engine degreaser,Degreaser,"Stp Heavy Duty Engine Degreaser, 500 Ml, GST73500ENP",27.44,STP,amazon,https://www.amazon.sa/-/en/Heavy-Duty-Engine-Degreaser-GST73500ENP/dp/B0085M3XDQ/ref=sr_1_5?dib=eyJ2IjoiMSJ9.nQmDegFQk_KtbDfqAxmQiMbBw_z3AxHZs70-_bk9dX7MOjAz1C11VCkKidwTBBJMrgTVNwtr7eQnqR9ltIdSn6QCYoFId9KW7AStp01bV015q4zvv2wG13-YiNXZmIb1Q5iJdCg0GdxtU2CNAvRzlacCPvT-0QxgzoacDbdq3rYI8w3YBW88i5Dey9UXNS6qknNV9PqfZx70NoKO6_XtVkxSkTQP10cSlTMyTklIkxZojbrC4Lo1Xnja1e0OPdqy_w3LYz5QlMYjQbtkmhl9U7bzMoOxx-u0-i5le-hyRXc.hH6vvfGnYr8P4OgKByR9OozNagWBbCp_wJEODOq6KvA&dib_tag=se&keywords=car+engine+degreaser&qid=1757877032&sr=8-5,ml,500.0,0.5,54.88
9/14/2025,Automotive,Automotive,C6-Car engine degreaser,Degreaser,FLAMINGO CARCARE TECH engine degreaser,14.99,FLAMINGO CARCARE TECH,amazon,https://www.amazon.sa/-/en/FLAMINGO-CARCARE-TECH-engine-degreaser/dp/B0969MW5XW/ref=sr_1_6?dib=eyJ2IjoiMSJ9.nQmDegFQk_KtbDfqAxmQiMbBw_z3AxHZs70-_bk9dX7MOjAz1C11VCkKidwTBBJMrgTVNwtr7eQnqR9ltIdSn6QCYoFId9KW7AStp01bV015q4zvv2wG13-YiNXZmIb1Q5iJdCg0GdxtU2CNAvRzlacCPvT-0QxgzoacDbdq3rYI8w3YBW88i5Dey9UXNS6qknNV9PqfZx70NoKO6_XtVkxSkTQP10cSlTMyTklIkxZojbrC4Lo1Xnja1e0OPdqy_w3LYz5QlMYjQbtkmhl9U7bzMoOxx-u0-i5le-hyRXc.hH6vvfGnYr8P4OgKByR9OozNagWBbCp_wJEODOq6KvA&dib_tag=se&keywords=car+engine+degreaser&qid=1757877032&sr=8-6,ml,650.0,0.65,23.06153846153846
9/14/2025,Automotive,Automotive,C6-Car engine degreaser,Degreaser,"FLAMINGO CARCARE TECH ENGINE DEGREASER, ENGINE CARE, ENGINE CLEANER, ENGINE FOAM, F008, 650ML, منظف محرك, غسيل محرك, ملمع محرك",18.46,FLAMINGO CARCARE TECH,amazon,https://www.amazon.sa/-/en/FLAMINGO-CARCARE-TECH-DEGREASER-F008/dp/B088HFTNWV/ref=sr_1_7?dib=eyJ2IjoiMSJ9.nQmDegFQk_KtbDfqAxmQiMbBw_z3AxHZs70-_bk9dX7MOjAz1C11VCkKidwTBBJMrgTVNwtr7eQnqR9ltIdSn6QCYoFId9KW7AStp01bV015q4zvv2wG13-YiNXZmIb1Q5iJdCg0GdxtU2CNAvRzlacCPvT-0QxgzoacDbdq3rYI8w3YBW88i5Dey9UXNS6qknNV9PqfZx70NoKO6_XtVkxSkTQP10cSlTMyTklIkxZojbrC4Lo1Xnja1e0OPdqy_w3LYz5QlMYjQbtkmhl9U7bzMoOxx-u0-i5le-hyRXc.hH6vvfGnYr8P4OgKByR9OozNagWBbCp_wJEODOq6KvA&dib_tag=se&keywords=car+engine+degreaser&qid=1757877032&sr=8-7,ml,650.0,0.65,28.4
9/14/2025,Automotive,Automotive,C6-Car engine degreaser,Degreaser,"Chemical Guys CLD_201_16 Signature Series Orange Degreaser, Multipurpose Power, Safe for Cars, Trucks, SUVs, Motorcycles, RVs & More, 16 fl oz",73.0,Chemical Guys,amazon,https://www.amazon.sa/-/en/Chemical-Guys-CLD_201_16-Multipurpose-Motorcycles/dp/B00DZI39UW/ref=sr_1_12?dib=eyJ2IjoiMSJ9.nQmDegFQk_KtbDfqAxmQiMbBw_z3AxHZs70-_bk9dX7MOjAz1C11VCkKidwTBBJMrgTVNwtr7eQnqR9ltIdSn6QCYoFId9KW7AStp01bV015q4zvv2wG13-YiNXZmIb1Q5iJdCg0GdxtU2CNAvRzlacCPvT-0QxgzoacDbdq3rYI8w3YBW88i5Dey9UXNS6qknNV9PqfZx70NoKO6_XtVkxSkTQP10cSlTMyTklIkxZojbrC4Lo1Xnja1e0OPdqy_w3LYz5QlMYjQbtkmhl9U7bzMoOxx-u0-i5le-hyRXc.hH6vvfGnYr8P4OgKByR9OozNagWBbCp_wJEODOq6KvA&dib_tag=se&keywords=car+engine+degreaser&qid=1757877032&sr=8-12,fl oz,16.0,16.0,4.5625
9/14/2025,Automotive,Automotive,C6-Car engine degreaser,Degreaser,"Cetris Multi Purpose Cleaner Spray – Super Strength Degreaser (1 Liter) – Heavy Duty Cleaning Spray for Kitchen, Oven, Bathroom, Carpet, Car Engine, Tires & More.",20.25,Cetris,amazon,https://www.amazon.sa/-/en/Cetris-Multi-Purpose-Cleaner-Spray/dp/B081VN5G5F/ref=sr_1_13?dib=eyJ2IjoiMSJ9.nQmDegFQk_KtbDfqAxmQiMbBw_z3AxHZs70-_bk9dX7MOjAz1C11VCkKidwTBBJMrgTVNwtr7eQnqR9ltIdSn6QCYoFId9KW7AStp01bV015q4zvv2wG13-YiNXZmIb1Q5iJdCg0GdxtU2CNAvRzlacCPvT-0QxgzoacDbdq3rYI8w3YBW88i5Dey9UXNS6qknNV9PqfZx70NoKO6_XtVkxSkTQP10cSlTMyTklIkxZojbrC4Lo1Xnja1e0OPdqy_w3LYz5QlMYjQbtkmhl9U7bzMoOxx-u0-i5le-hyRXc.hH6vvfGnYr8P4OgKByR9OozNagWBbCp_wJEODOq6KvA&dib_tag=se&keywords=car+engine+degreaser&qid=1757877032&sr=8-13,L,1.0,1.0,20.25
9/14/2025,Automotive,Automotive,C6-Car engine degreaser,Degreaser,Gunk FEB1 Foamy Engine Brite Engine Cleaner - 17oz.,39.95,Gunk,amazon,https://www.amazon.sa/-/en/Gunk-FEB1-Foamy-Engine-Cleaner/dp/B000ABGA6W/ref=sr_1_14?dib=eyJ2IjoiMSJ9.nQmDegFQk_KtbDfqAxmQiMbBw_z3AxHZs70-_bk9dX7MOjAz1C11VCkKidwTBBJMrgTVNwtr7eQnqR9ltIdSn6QCYoFId9KW7AStp01bV015q4zvv2wG13-YiNXZmIb1Q5iJdCg0GdxtU2CNAvRzlacCPvT-0QxgzoacDbdq3rYI8w3YBW88i5Dey9UXNS6qknNV9PqfZx70NoKO6_XtVkxSkTQP10cSlTMyTklIkxZojbrC4Lo1Xnja1e0OPdqy_w3LYz5QlMYjQbtkmhl9U7bzMoOxx-u0-i5le-hyRXc.hH6vvfGnYr8P4OgKByR9OozNagWBbCp_wJEODOq6KvA&dib_tag=se&keywords=car+engine+degreaser&qid=1757877032&sr=8-14,fl oz,17.0,17.0,2.35
9/14/2025,Automotive,Automotive,C6-Car engine degreaser,Degreaser,"FLAMINGO CARCARE TECH Engine Degreaser Cleaner Without Foam, Polish, F009,500ml",13.99,FLAMINGO CARCARE TECH,amazon,https://www.amazon.sa/-/en/FLAMINGO-CARCARE-TECH-Degreaser-F009/dp/B088QJWP4Z/ref=sr_1_16?dib=eyJ2IjoiMSJ9.nQmDegFQk_KtbDfqAxmQiMbBw_z3AxHZs70-_bk9dX7MOjAz1C11VCkKidwTBBJMrgTVNwtr7eQnqR9ltIdSn6QCYoFId9KW7AStp01bV015q4zvv2wG13-YiNXZmIb1Q5iJdCg0GdxtU2CNAvRzlacCPvT-0QxgzoacDbdq3rYI8w3YBW88i5Dey9UXNS6qknNV9PqfZx70NoKO6_XtVkxSkTQP10cSlTMyTklIkxZojbrC4Lo1Xnja1e0OPdqy_w3LYz5QlMYjQbtkmhl9U7bzMoOxx-u0-i5le-hyRXc.hH6vvfGnYr8P4OgKByR9OozNagWBbCp_wJEODOq6KvA&dib_tag=se&keywords=car+engine+degreaser&qid=1757877032&sr=8-16,ml,500.0,0.5,27.98
9/14/2025,Automotive,Automotive,C6-Car engine degreaser,Degreaser,"425g -GUNK Engine Degreaser- Original, Remove Grease & Oil from Engine",54.99,Generic,amazon,https://www.amazon.sa/-/en/Engine-Degreaser-Original-Remove-Grease/dp/B0BKYM3XW9/ref=sr_1_17?dib=eyJ2IjoiMSJ9.nQmDegFQk_KtbDfqAxmQiMbBw_z3AxHZs70-_bk9dX7MOjAz1C11VCkKidwTBBJMrgTVNwtr7eQnqR9ltIdSn6QCYoFId9KW7AStp01bV015q4zvv2wG13-YiNXZmIb1Q5iJdCg0GdxtU2CNAvRzlacCPvT-0QxgzoacDbdq3rYI8w3YBW88i5Dey9UXNS6qknNV9PqfZx70NoKO6_XtVkxSkTQP10cSlTMyTklIkxZojbrC4Lo1Xnja1e0OPdqy_w3LYz5QlMYjQbtkmhl9U7bzMoOxx-u0-i5le-hyRXc.hH6vvfGnYr8P4OgKByR9OozNagWBbCp_wJEODOq6KvA&dib_tag=se&keywords=car+engine+degreaser&qid=1757877032&sr=8-17,g,425.0,425.0,0.1293882352941176
9/14/2025,Automotive,Automotive,C6-Car engine degreaser,Degreaser,Turtle Wax | MAX POWER ENGINE DEGREASER | 53671 | 5L,128.0,Turtle Wax,amazon,https://www.amazon.sa/-/en/Turtle-Wax-ENGINE-DEGREASER-53671/dp/B09K466YS5/ref=sr_1_20?dib=eyJ2IjoiMSJ9.nQmDegFQk_KtbDfqAxmQiMbBw_z3AxHZs70-_bk9dX7MOjAz1C11VCkKidwTBBJMrgTVNwtr7eQnqR9ltIdSn6QCYoFId9KW7AStp01bV015q4zvv2wG13-YiNXZmIb1Q5iJdCg0GdxtU2CNAvRzlacCPvT-0QxgzoacDbdq3rYI8w3YBW88i5Dey9UXNS6qknNV9PqfZx70NoKO6_XtVkxSkTQP10cSlTMyTklIkxZojbrC4Lo1Xnja1e0OPdqy_w3LYz5QlMYjQbtkmhl9U7bzMoOxx-u0-i5le-hyRXc.hH6vvfGnYr8P4OgKByR9OozNagWBbCp_wJEODOq6KvA&dib_tag=se&keywords=car+engine+degreaser&qid=1757877032&sr=8-20,L,5.0,5.0,25.6
9/14/2025,Automotive,Automotive,C6-Car engine degreaser,Degreaser,Gunk Instant Parts Cleaner and Degreaser 14 oz,27.75,Gunk,amazon,https://www.amazon.sa/-/en/Gunk-Instant-Parts-Cleaner-Degreaser/dp/B0776NTS62/ref=sr_1_26?dib=eyJ2IjoiMSJ9.nQmDegFQk_KtbDfqAxmQiMbBw_z3AxHZs70-_bk9dX7MOjAz1C11VCkKidwTBBJMrgTVNwtr7eQnqR9ltIdSn6QCYoFId9KW7AStp01bV015q4zvv2wG13-YiNXZmIb1Q5iJdCg0GdxtU2CNAvRzlacCPvT-0QxgzoacDbdq3rYI8w3YBW88i5Dey9UXNS6qknNV9PqfZx70NoKO6_XtVkxSkTQP10cSlTMyTklIkxZojbrC4Lo1Xnja1e0OPdqy_w3LYz5QlMYjQbtkmhl9U7bzMoOxx-u0-i5le-hyRXc.hH6vvfGnYr8P4OgKByR9OozNagWBbCp_wJEODOq6KvA&dib_tag=se&keywords=car+engine+degreaser&qid=1757877032&sr=8-26,fl oz,14.0,14.0,1.9821428571428568
9/14/2025,Automotive,Automotive,C6-Car engine degreaser,Degreaser,"SONAX ENGINE COLD CLEANER, silver 500 ML, 543200",61.56,SONAX,amazon,https://www.amazon.sa/-/en/SONAX-ENGINE-CLEANER-silver-543200/dp/B001BAY82Y/ref=sr_1_31?dib=eyJ2IjoiMSJ9.nQmDegFQk_KtbDfqAxmQiMbBw_z3AxHZs70-_bk9dX7MOjAz1C11VCkKidwTBBJMrgTVNwtr7eQnqR9ltIdSn6QCYoFId9KW7AStp01bV015q4zvv2wG13-YiNXZmIb1Q5iJdCg0GdxtU2CNAvRzlacCPvT-0QxgzoacDbdq3rYI8w3YBW88i5Dey9UXNS6qknNV9PqfZx70NoKO6_XtVkxSkTQP10cSlTMyTklIkxZojbrC4Lo1Xnja1e0OPdqy_w3LYz5QlMYjQbtkmhl9U7bzMoOxx-u0-i5le-hyRXc.hH6vvfGnYr8P4OgKByR9OozNagWBbCp_wJEODOq6KvA&dib_tag=se&keywords=car+engine+degreaser&qid=1757877032&sr=8-31,ml,500.0,0.5,123.12
9/14/2025,Automotive,Automotive,C6-Car engine degreaser,Degreaser,Strongly Dissolving Powerful Cleaning Premium Car Veslee Engine Degreaser Engine Cleaner 650Ml 1 Pcs,55.99,Generic,amazon,https://www.amazon.sa/-/en/Strongly-Dissolving-Powerful-Cleaning-Degreaser/dp/B0BRQV6YZ8/ref=sr_1_38?dib=eyJ2IjoiMSJ9.nQmDegFQk_KtbDfqAxmQiMbBw_z3AxHZs70-_bk9dX7MOjAz1C11VCkKidwTBBJMrgTVNwtr7eQnqR9ltIdSn6QCYoFId9KW7AStp01bV015q4zvv2wG13-YiNXZmIb1Q5iJdCg0GdxtU2CNAvRzlacCPvT-0QxgzoacDbdq3rYI8w3YBW88i5Dey9UXNS6qknNV9PqfZx70NoKO6_XtVkxSkTQP10cSlTMyTklIkxZojbrC4Lo1Xnja1e0OPdqy_w3LYz5QlMYjQbtkmhl9U7bzMoOxx-u0-i5le-hyRXc.hH6vvfGnYr8P4OgKByR9OozNagWBbCp_wJEODOq6KvA&dib_tag=se&keywords=car+engine+degreaser&qid=1757877032&sr=8-38,ml,650.0,0.65,86.13846153846154
9/14/2025,Automotive,Automotive,C6-Car engine degreaser,Degreaser,Gunk EBGEL Engine Brite Gel HD Engine Degreaser - 15 oz.,47.45,Gunk,amazon,https://www.amazon.sa/-/en/Gunk-EBGEL-Engine-Brite-Degreaser/dp/B002FYFD74/ref=sr_1_48?dib=eyJ2IjoiMSJ9.nQmDegFQk_KtbDfqAxmQiMbBw_z3AxHZs70-_bk9dX7MOjAz1C11VCkKidwTBBJMrgTVNwtr7eQnqR9ltIdSn6QCYoFId9KW7AStp01bV015q4zvv2wG13-YiNXZmIb1Q5iJdCg0GdxtU2CNAvRzlacCPvT-0QxgzoacDbdq3rYI8w3YBW88i5Dey9UXNS6qknNV9PqfZx70NoKO6_XtVkxSkTQP10cSlTMyTklIkxZojbrC4Lo1Xnja1e0OPdqy_w3LYz5QlMYjQbtkmhl9U7bzMoOxx-u0-i5le-hyRXc.hH6vvfGnYr8P4OgKByR9OozNagWBbCp_wJEODOq6KvA&dib_tag=se&keywords=car+engine+degreaser&qid=1757877032&sr=8-48,fl oz,15.0,15.0,3.1633333333333336
9/14/2025,Automotive,Automotive,C6-Car engine degreaser,Degreaser,"SOLVAR Engine Cleaner 600ml – Heavy Duty Multipurpose Automotive Degreaser Spray, Industrial Strength Fast Action Formula for Car, Truck, Motorcycle & Equipment Maintenance",60.0,Generic,amazon,https://www.amazon.sa/-/en/SOLVAR-Engine-Cleaner-600ml-Multipurpose/dp/B0FB3HG9TY/ref=sr_1_49?dib=eyJ2IjoiMSJ9.nQmDegFQk_KtbDfqAxmQiMbBw_z3AxHZs70-_bk9dX7MOjAz1C11VCkKidwTBBJMrgTVNwtr7eQnqR9ltIdSn6QCYoFId9KW7AStp01bV015q4zvv2wG13-YiNXZmIb1Q5iJdCg0GdxtU2CNAvRzlacCPvT-0QxgzoacDbdq3rYI8w3YBW88i5Dey9UXNS6qknNV9PqfZx70NoKO6_XtVkxSkTQP10cSlTMyTklIkxZojbrC4Lo1Xnja1e0OPdqy_w3LYz5QlMYjQbtkmhl9U7bzMoOxx-u0-i5le-hyRXc.hH6vvfGnYr8P4OgKByR9OozNagWBbCp_wJEODOq6KvA&dib_tag=se&keywords=car+engine+degreaser&qid=1757877032&sr=8-49,ml,600.0,0.6,100.0
9/14/2025,Automotive,Automotive,C6-Car engine degreaser,Degreaser,"Multi-Purpose Engine Cleaner 600ml – Heavy Duty Degreaser for Car Engines, Motorcycles, Tools, and Machinery – Fast Acting, Low Residue, Industrial Strength",64.99,Generic,amazon,https://www.amazon.sa/-/en/Multi-Purpose-Engine-Cleaner-600ml-Motorcycles/dp/B0FJ677WK9/ref=sr_1_56?dib=eyJ2IjoiMSJ9.nQmDegFQk_KtbDfqAxmQiMbBw_z3AxHZs70-_bk9dX7MOjAz1C11VCkKidwTBBJMrgTVNwtr7eQnqR9ltIdSn6QCYoFId9KW7AStp01bV015q4zvv2wG13-YiNXZmIb1Q5iJdCg0GdxtU2CNAvRzlacCPvT-0QxgzoacDbdq3rYI8w3YBW88i5Dey9UXNS6qknNV9PqfZx70NoKO6_XtVkxSkTQP10cSlTMyTklIkxZojbrC4Lo1Xnja1e0OPdqy_w3LYz5QlMYjQbtkmhl9U7bzMoOxx-u0-i5le-hyRXc.hH6vvfGnYr8P4OgKByR9OozNagWBbCp_wJEODOq6KvA&dib_tag=se&keywords=car+engine+degreaser&qid=1757877032&sr=8-56,ml,600.0,0.6,108.31666666666666
9/14/2025,Automotive,Automotive,C6-Car engine degreaser,Degreaser,Gunk Engine Cleaner and Degreaser 32fl oz.,49.95,Gunk,saco,https://www.saco.sa/en/Gunk-Engine-Cleaner-and-Degreaser-32fl-oz-/p/000000000000057567,fl oz,32.0,32.0,1.5609375
9/14/2025,Automotive,Automotive,C6-Car engine degreaser,Degreaser,Gunk Engine Degreaser 15oz,49.95,Gunk,saco,https://www.saco.sa/en/Gunk-Engine-Degreaser-15oz/p/000000000000057566,fl oz,15.0,15.0,3.33
9/14/2025,Automotive,Automotive,C6-Car engine degreaser,Degreaser,Gunk Foamy Engine Brite Cleaner 17oz,41.95,Gunk,saco,https://www.saco.sa/en/Gunk-Foamy-Engine-Brite-Cleaner-17oz/p/000000000000015756,fl oz,17.0,17.0,2.467647058823529
9/14/2025,Automotive,Automotive,C6-Car engine degreaser,Degreaser,Gunk Original Engine Degreaser 15oz,38.95,Gunk,saco,https://www.saco.sa/en/Gunk-Original-Engine-Degreaser-15oz/p/000000000000020214,fl oz,15.0,15.0,2.5966666666666667
9/14/2025,Pets,Pets,P3-Pet urine odor remover,Odor eliminator,Dr. Beckmann 2 in 1 Multipurpose Pet Stain remover shampoo with Cleaning brush|Advanced Oxi powered Formula|Easy to use|Home & Pet Care Essentials|DIY|Eliminates Tough Stains & Odours|650 ml,43.58,Dr. Beckmann,amazon,https://www.amazon.sa/-/en/Dr-Beckmann-Multipurpose-Essentials-Eliminates/dp/B08R3HT6V5/ref=sr_1_6?dib=eyJ2IjoiMSJ9.g9wHNlQffGC9FFvYzKxcc-ZTN0096WkTgkFbSZQEh4VeocKA4mcZKWLL-gN3-HOQLn2srchVmdbDOuxzCTBGyi5jKYoSBeDMap5dp0WzpK3bj79RNh0vmlErTJEFbByRWUfU3KnVqYTsnza_E449DaxMUVvqQgBfSZhYjixk4cTSiXAiMn00xhTBG9l5tTZq4PpKMC5n_0bXqtlKLC68CwChVGwGm8Vxu4faH3QfrOhdFgl1AlaZBrKxpYXWa97RHIe9BMPJlG3ONw8RjYVARugVO-u2i69VomxdWSXem90.ItD0wyHagFqDcbQ_58XAwTKguklN71ZsNaOoceFKaOo&dib_tag=se&keywords=pet+urine+odor+remover&qid=1757879260&sr=8-6,ml,650.0,0.65,67.04615384615384
9/14/2025,Pets,Pets,P3-Pet urine odor remover,Odor eliminator,Carbona 2-in-1 Oxy-Powered Pet Stain & Odour Remover 651 ml,53.21,Carbona,amazon,https://www.amazon.sa/-/en/Carbona-Oxy-Powered-Pet-Stain-Remover/dp/B00I123ORU/ref=sr_1_8?dib=eyJ2IjoiMSJ9.g9wHNlQffGC9FFvYzKxcc-ZTN0096WkTgkFbSZQEh4VeocKA4mcZKWLL-gN3-HOQLn2srchVmdbDOuxzCTBGyi5jKYoSBeDMap5dp0WzpK3bj79RNh0vmlErTJEFbByRWUfU3KnVqYTsnza_E449DaxMUVvqQgBfSZhYjixk4cTSiXAiMn00xhTBG9l5tTZq4PpKMC5n_0bXqtlKLC68CwChVGwGm8Vxu4faH3QfrOhdFgl1AlaZBrKxpYXWa97RHIe9BMPJlG3ONw8RjYVARugVO-u2i69VomxdWSXem90.ItD0wyHagFqDcbQ_58XAwTKguklN71ZsNaOoceFKaOo&dib_tag=se&keywords=pet+urine+odor+remover&qid=1757879260&sr=8-8,ml,651.0,0.651,81.7357910906298
9/14/2025,Pets,Pets,P3-Pet urine odor remover,Odor eliminator,"Rocco & Roxie Supply Co Professional Strength Stain and Odor Eliminator, Enzyme-Powered Pet Odor and Stain Remover for Dogs and Cat Urine, Spot Carpet Cleaner for Small Animal, 32 oz.",250.0,Rocco & Roxie Supply Co,amazon,https://www.amazon.sa/-/en/Rocco-Roxie-Supply-Professional-Enzyme-Powered/dp/B00CKFL93K/ref=sr_1_9?dib=eyJ2IjoiMSJ9.g9wHNlQffGC9FFvYzKxcc-ZTN0096WkTgkFbSZQEh4VeocKA4mcZKWLL-gN3-HOQLn2srchVmdbDOuxzCTBGyi5jKYoSBeDMap5dp0WzpK3bj79RNh0vmlErTJEFbByRWUfU3KnVqYTsnza_E449DaxMUVvqQgBfSZhYjixk4cTSiXAiMn00xhTBG9l5tTZq4PpKMC5n_0bXqtlKLC68CwChVGwGm8Vxu4faH3QfrOhdFgl1AlaZBrKxpYXWa97RHIe9BMPJlG3ONw8RjYVARugVO-u2i69VomxdWSXem90.ItD0wyHagFqDcbQ_58XAwTKguklN71ZsNaOoceFKaOo&dib_tag=se&keywords=pet+urine+odor+remover&qid=1757879260&sr=8-9,fl oz,32.0,32.0,7.8125
9/14/2025,Pets,Pets,P3-Pet urine odor remover,Odor eliminator,"Resolve Urine Destroyer Spray Stain & Odor Remover, Transparent, No Flavor, 32 Fl Oz",148.0,Resolve,amazon,https://www.amazon.sa/-/en/Resolve-Destroyer-Remover-Transparent-Flavor/dp/B07FK2M4XG/ref=sr_1_15?dib=eyJ2IjoiMSJ9.g9wHNlQffGC9FFvYzKxcc-ZTN0096WkTgkFbSZQEh4VeocKA4mcZKWLL-gN3-HOQLn2srchVmdbDOuxzCTBGyi5jKYoSBeDMap5dp0WzpK3bj79RNh0vmlErTJEFbByRWUfU3KnVqYTsnza_E449DaxMUVvqQgBfSZhYjixk4cTSiXAiMn00xhTBG9l5tTZq4PpKMC5n_0bXqtlKLC68CwChVGwGm8Vxu4faH3QfrOhdFgl1AlaZBrKxpYXWa97RHIe9BMPJlG3ONw8RjYVARugVO-u2i69VomxdWSXem90.ItD0wyHagFqDcbQ_58XAwTKguklN71ZsNaOoceFKaOo&dib_tag=se&keywords=pet+urine+odor+remover&qid=1757879260&sr=8-15,fl oz,32.0,32.0,4.625
9/14/2025,Pets,Pets,P3-Pet urine odor remover,Odor eliminator,"Simple Solution Extreme Stain & Odour Remover for Dogs, 945 ml",70.64,Simple Solution,amazon,https://www.amazon.sa/-/en/Simple-Solution-Extreme-Stain-Remover/dp/B00318RL0A/ref=sr_1_17?dib=eyJ2IjoiMSJ9.g9wHNlQffGC9FFvYzKxcc-ZTN0096WkTgkFbSZQEh4VeocKA4mcZKWLL-gN3-HOQLn2srchVmdbDOuxzCTBGyi5jKYoSBeDMap5dp0WzpK3bj79RNh0vmlErTJEFbByRWUfU3KnVqYTsnza_E449DaxMUVvqQgBfSZhYjixk4cTSiXAiMn00xhTBG9l5tTZq4PpKMC5n_0bXqtlKLC68CwChVGwGm8Vxu4faH3QfrOhdFgl1AlaZBrKxpYXWa97RHIe9BMPJlG3ONw8RjYVARugVO-u2i69VomxdWSXem90.ItD0wyHagFqDcbQ_58XAwTKguklN71ZsNaOoceFKaOo&dib_tag=se&keywords=pet+urine+odor+remover&qid=1757879260&sr=8-17,ml,945.0,0.945,74.75132275132276
9/14/2025,Pets,Pets,P3-Pet urine odor remover,Odor eliminator,"Simple Solution Extreme Pet Stain and Odor Eliminator Spray for Dogs & Cats, Enzyme Cleaner With 3X Pro-Bacteria Cleaning Power, Strong Smell Remover for Carpets, Upholstery & Floors, 32 oz and Gallon",54.46,Simple Solution,amazon,https://www.amazon.sa/-/en/Simple-Solution-Eliminator-Pro-Bacteria-Upholstery/dp/B0DFHNT33P/ref=sr_1_18?dib=eyJ2IjoiMSJ9.g9wHNlQffGC9FFvYzKxcc-ZTN0096WkTgkFbSZQEh4VeocKA4mcZKWLL-gN3-HOQLn2srchVmdbDOuxzCTBGyi5jKYoSBeDMap5dp0WzpK3bj79RNh0vmlErTJEFbByRWUfU3KnVqYTsnza_E449DaxMUVvqQgBfSZhYjixk4cTSiXAiMn00xhTBG9l5tTZq4PpKMC5n_0bXqtlKLC68CwChVGwGm8Vxu4faH3QfrOhdFgl1AlaZBrKxpYXWa97RHIe9BMPJlG3ONw8RjYVARugVO-u2i69VomxdWSXem90.ItD0wyHagFqDcbQ_58XAwTKguklN71ZsNaOoceFKaOo&dib_tag=se&keywords=pet+urine+odor+remover&qid=1757879260&sr=8-18,fl oz,160.0,160.0,0.340375
9/14/2025,Pets,Pets,P3-Pet urine odor remover,Odor eliminator,"Simple Solution Extreme Stain and Odour Remover For Cats 750ml 200 g, 24281",43.78,Simple Solution,amazon,https://www.amazon.sa/-/en/Simple-Solution-Extreme-Remover-24281/dp/B01MROLYGF/ref=sr_1_20?dib=eyJ2IjoiMSJ9.g9wHNlQffGC9FFvYzKxcc-ZTN0096WkTgkFbSZQEh4VeocKA4mcZKWLL-gN3-HOQLn2srchVmdbDOuxzCTBGyi5jKYoSBeDMap5dp0WzpK3bj79RNh0vmlErTJEFbByRWUfU3KnVqYTsnza_E449DaxMUVvqQgBfSZhYjixk4cTSiXAiMn00xhTBG9l5tTZq4PpKMC5n_0bXqtlKLC68CwChVGwGm8Vxu4faH3QfrOhdFgl1AlaZBrKxpYXWa97RHIe9BMPJlG3ONw8RjYVARugVO-u2i69VomxdWSXem90.ItD0wyHagFqDcbQ_58XAwTKguklN71ZsNaOoceFKaOo&dib_tag=se&keywords=pet+urine+odor+remover&qid=1757879260&sr=8-20,ml,750.0,0.75,58.373333333333335
9/14/2025,Pets,Pets,P3-Pet urine odor remover,Odor eliminator,Only Natural Pet Enzyme Powered Stain & Odor Eliminator - Professional Pet Urine Pee Cleaner Deodorizer For Dogs - Hardwood Floors Carpets Upholstery - Fresh Mandarin Orange & Green Tea Scent - 32Floz,153.43,Only Natural Pet,amazon,https://www.amazon.sa/-/en/Only-Natural-Pet-Powered-Eliminator/dp/B01DBZSOGM/ref=sr_1_28?dib=eyJ2IjoiMSJ9.g9wHNlQffGC9FFvYzKxcc-ZTN0096WkTgkFbSZQEh4VeocKA4mcZKWLL-gN3-HOQLn2srchVmdbDOuxzCTBGyi5jKYoSBeDMap5dp0WzpK3bj79RNh0vmlErTJEFbByRWUfU3KnVqYTsnza_E449DaxMUVvqQgBfSZhYjixk4cTSiXAiMn00xhTBG9l5tTZq4PpKMC5n_0bXqtlKLC68CwChVGwGm8Vxu4faH3QfrOhdFgl1AlaZBrKxpYXWa97RHIe9BMPJlG3ONw8RjYVARugVO-u2i69VomxdWSXem90.ItD0wyHagFqDcbQ_58XAwTKguklN71ZsNaOoceFKaOo&dib_tag=se&keywords=pet+urine+odor+remover&qid=1757879260&sr=8-28,fl oz,32.0,32.0,4.7946875
9/14/2025,Pets,Pets,P3-Pet urine odor remover,Odor eliminator,"Hepper Advanced Bio-Enzyme Pet Stain & Odor Eliminator Spray - Smell, Stain & Urine Remover for Cats, Dogs & Other Animals - 32oz Spray Safe for the Home - Neutral",129.52,Hepper,amazon,https://www.amazon.sa/-/en/Hepper-Advanced-Bio-Enzyme-Eliminator-Spray/dp/B0B1CBTWLQ/ref=sr_1_32?dib=eyJ2IjoiMSJ9.g9wHNlQffGC9FFvYzKxcc-ZTN0096WkTgkFbSZQEh4VeocKA4mcZKWLL-gN3-HOQLn2srchVmdbDOuxzCTBGyi5jKYoSBeDMap5dp0WzpK3bj79RNh0vmlErTJEFbByRWUfU3KnVqYTsnza_E449DaxMUVvqQgBfSZhYjixk4cTSiXAiMn00xhTBG9l5tTZq4PpKMC5n_0bXqtlKLC68CwChVGwGm8Vxu4faH3QfrOhdFgl1AlaZBrKxpYXWa97RHIe9BMPJlG3ONw8RjYVARugVO-u2i69VomxdWSXem90.ItD0wyHagFqDcbQ_58XAwTKguklN71ZsNaOoceFKaOo&dib_tag=se&keywords=pet+urine+odor+remover&qid=1757879260&sr=8-32,fl oz,32.0,32.0,4.0475
9/14/2025,Pets,Pets,P3-Pet urine odor remover,Odor eliminator,"Sunny & Honey Pet Stain & Odor Miracle - Enzyme Cleaner for Dog Urine Cat Pee Feces Vomit, Enzymatic Solution Cleans Carpet Rug Car Upholstery Couch Mattress Furniture, Stain Eliminator (32FL OZ)",199.85,Sunny & Honey,amazon,https://www.amazon.sa/-/en/Sunny-Honey-Stain-Odor-Miracle/dp/B00J4Z5B24/ref=sr_1_37?dib=eyJ2IjoiMSJ9.g9wHNlQffGC9FFvYzKxcc-ZTN0096WkTgkFbSZQEh4VeocKA4mcZKWLL-gN3-HOQLn2srchVmdbDOuxzCTBGyi5jKYoSBeDMap5dp0WzpK3bj79RNh0vmlErTJEFbByRWUfU3KnVqYTsnza_E449DaxMUVvqQgBfSZhYjixk4cTSiXAiMn00xhTBG9l5tTZq4PpKMC5n_0bXqtlKLC68CwChVGwGm8Vxu4faH3QfrOhdFgl1AlaZBrKxpYXWa97RHIe9BMPJlG3ONw8RjYVARugVO-u2i69VomxdWSXem90.ItD0wyHagFqDcbQ_58XAwTKguklN71ZsNaOoceFKaOo&dib_tag=se&keywords=pet+urine+odor+remover&qid=1757879260&sr=8-37,fl oz,32.0,32.0,6.2453125
9/14/2025,Pets,Pets,P3-Pet urine odor remover,Odor eliminator,"Simple Solution Stain & Oudor Remover spray for Dogs, 750 ml",47.98,Simple Solution,amazon,https://www.amazon.sa/-/en/Simple-Solution-Stain-Oudor-Remover/dp/B004GBX8N0/ref=sr_1_39?dib=eyJ2IjoiMSJ9.g9wHNlQffGC9FFvYzKxcc-ZTN0096WkTgkFbSZQEh4VeocKA4mcZKWLL-gN3-HOQLn2srchVmdbDOuxzCTBGyi5jKYoSBeDMap5dp0WzpK3bj79RNh0vmlErTJEFbByRWUfU3KnVqYTsnza_E449DaxMUVvqQgBfSZhYjixk4cTSiXAiMn00xhTBG9l5tTZq4PpKMC5n_0bXqtlKLC68CwChVGwGm8Vxu4faH3QfrOhdFgl1AlaZBrKxpYXWa97RHIe9BMPJlG3ONw8RjYVARugVO-u2i69VomxdWSXem90.ItD0wyHagFqDcbQ_58XAwTKguklN71ZsNaOoceFKaOo&dib_tag=se&keywords=pet+urine+odor+remover&qid=1757879260&sr=8-39,fl oz,29.59,29.59,1.6214937478877998
9/14/2025,Pets,Pets,P3-Pet urine odor remover,Odor eliminator,"Only Natural Pet Dog Urine Stain & Odor Destroyer Probiotic Spray for Dogs - All-Natural Enzyme Cleaner, Pet Stain Remover & Odor Eliminator - 32 Fl Oz",166.43,Only Natural Pet,amazon,https://www.amazon.sa/-/en/Only-Natural-Pet-Destroyer-Probiotic/dp/B08236DWR9/ref=sr_1_42?dib=eyJ2IjoiMSJ9.g9wHNlQffGC9FFvYzKxcc-ZTN0096WkTgkFbSZQEh4VeocKA4mcZKWLL-gN3-HOQLn2srchVmdbDOuxzCTBGyi5jKYoSBeDMap5dp0WzpK3bj79RNh0vmlErTJEFbByRWUfU3KnVqYTsnza_E449DaxMUVvqQgBfSZhYjixk4cTSiXAiMn00xhTBG9l5tTZq4PpKMC5n_0bXqtlKLC68CwChVGwGm8Vxu4faH3QfrOhdFgl1AlaZBrKxpYXWa97RHIe9BMPJlG3ONw8RjYVARugVO-u2i69VomxdWSXem90.ItD0wyHagFqDcbQ_58XAwTKguklN71ZsNaOoceFKaOo&dib_tag=se&keywords=pet+urine+odor+remover&qid=1757879260&sr=8-42,fl oz,32.0,32.0,5.2009375
9/14/2025,Pets,Pets,P3-Pet urine odor remover,Odor eliminator,"KIDS 'N' PETS Instant All-Purpose Stain & Odor Remover Permanently Eliminates Dog Pee, Cat Urine, Other Smells, Spots from Home Carpet, Couch, Furniture, Mattress, Fabric. Non-Toxic, Child Safe - 27oz",200.22,KIDS 'N' PETS,amazon,https://www.amazon.sa/-/en/KIDS-PETS-All-Purpose-Permanently-Eliminates/dp/B08GRW1BHM/ref=sr_1_44?dib=eyJ2IjoiMSJ9.g9wHNlQffGC9FFvYzKxcc-ZTN0096WkTgkFbSZQEh4VeocKA4mcZKWLL-gN3-HOQLn2srchVmdbDOuxzCTBGyi5jKYoSBeDMap5dp0WzpK3bj79RNh0vmlErTJEFbByRWUfU3KnVqYTsnza_E449DaxMUVvqQgBfSZhYjixk4cTSiXAiMn00xhTBG9l5tTZq4PpKMC5n_0bXqtlKLC68CwChVGwGm8Vxu4faH3QfrOhdFgl1AlaZBrKxpYXWa97RHIe9BMPJlG3ONw8RjYVARugVO-u2i69VomxdWSXem90.ItD0wyHagFqDcbQ_58XAwTKguklN71ZsNaOoceFKaOo&dib_tag=se&keywords=pet+urine+odor+remover&qid=1757879260&sr=8-44,fl oz,27.0,27.0,7.415555555555556
9/14/2025,Pets,Pets,P3-Pet urine odor remover,Odor eliminator,Simple Solution Hard Floor Pet Stain and Odor Remover | Dual Action Cleaner for Sealed Hardwood Floors | 32 Ounces,138.0,Simple Solution,amazon,https://www.amazon.sa/-/en/Simple-Solution-Remover-Cleaner-Hardwood/dp/B000TZ1X4S/ref=sr_1_46?dib=eyJ2IjoiMSJ9.g9wHNlQffGC9FFvYzKxcc-ZTN0096WkTgkFbSZQEh4VeocKA4mcZKWLL-gN3-HOQLn2srchVmdbDOuxzCTBGyi5jKYoSBeDMap5dp0WzpK3bj79RNh0vmlErTJEFbByRWUfU3KnVqYTsnza_E449DaxMUVvqQgBfSZhYjixk4cTSiXAiMn00xhTBG9l5tTZq4PpKMC5n_0bXqtlKLC68CwChVGwGm8Vxu4faH3QfrOhdFgl1AlaZBrKxpYXWa97RHIe9BMPJlG3ONw8RjYVARugVO-u2i69VomxdWSXem90.ItD0wyHagFqDcbQ_58XAwTKguklN71ZsNaOoceFKaOo&dib_tag=se&keywords=pet+urine+odor+remover&qid=1757879260&sr=8-46,L,5.0,5.0,27.6
9/14/2025,Pets,Pets,P3-Pet urine odor remover,Odor eliminator,"Nature's Miracle Just for Cats Oxy Stain and Odor Remover, 24 fl oz",130.0,Nature's Miracle,amazon,https://www.amazon.sa/-/en/Natures-Miracle-Just-Stain-Remover/dp/B07CTBRY7H/ref=sr_1_49?dib=eyJ2IjoiMSJ9.g9wHNlQffGC9FFvYzKxcc-ZTN0096WkTgkFbSZQEh4VeocKA4mcZKWLL-gN3-HOQLn2srchVmdbDOuxzCTBGyi5jKYoSBeDMap5dp0WzpK3bj79RNh0vmlErTJEFbByRWUfU3KnVqYTsnza_E449DaxMUVvqQgBfSZhYjixk4cTSiXAiMn00xhTBG9l5tTZq4PpKMC5n_0bXqtlKLC68CwChVGwGm8Vxu4faH3QfrOhdFgl1AlaZBrKxpYXWa97RHIe9BMPJlG3ONw8RjYVARugVO-u2i69VomxdWSXem90.ItD0wyHagFqDcbQ_58XAwTKguklN71ZsNaOoceFKaOo&dib_tag=se&keywords=pet+urine+odor+remover&qid=1757879260&sr=8-49,fl oz,24.0,24.0,5.416666666666667
9/14/2025,Pets,Pets,P3-Pet urine odor remover,Odor eliminator,"Life Miracle Enzyme Cleaner & Pet Odor Eliminator CONCENTRATE | Deep Cleaning Enzymatic Spot Remover For Dog Cat Urine, Rug, Carpet, Upholstery, Couch & Car Stains & Smells | Makes 128 oz",184.0,Life Miracle,amazon,https://www.amazon.sa/-/en/Life-Miracle-Eliminator-CONCENTRATE-Upholstery/dp/B00YHI51WI/ref=sr_1_50?dib=eyJ2IjoiMSJ9.g9wHNlQffGC9FFvYzKxcc-ZTN0096WkTgkFbSZQEh4VeocKA4mcZKWLL-gN3-HOQLn2srchVmdbDOuxzCTBGyi5jKYoSBeDMap5dp0WzpK3bj79RNh0vmlErTJEFbByRWUfU3KnVqYTsnza_E449DaxMUVvqQgBfSZhYjixk4cTSiXAiMn00xhTBG9l5tTZq4PpKMC5n_0bXqtlKLC68CwChVGwGm8Vxu4faH3QfrOhdFgl1AlaZBrKxpYXWa97RHIe9BMPJlG3ONw8RjYVARugVO-u2i69VomxdWSXem90.ItD0wyHagFqDcbQ_58XAwTKguklN71ZsNaOoceFKaOo&dib_tag=se&keywords=pet+urine+odor+remover&qid=1757879260&sr=8-50,fl oz,8.0,8.0,23.0
9/14/2025,Pets,Pets,P3-Pet urine odor remover,Odor eliminator,Rejuvenate Carpet & Upholstery Spot Remover Stain Cleaner Bio-Enzymatic Professional Strength Urine Remover Dog Cat Stain and Pet Odor Eliminator Ready-to-Use,43.78,Rejuvenate,amazon,https://www.amazon.sa/-/en/Rejuvenate-Upholstery-Bio-Enzymatic-Professional-Eliminator/dp/B07FD2Y162/ref=sr_1_53?dib=eyJ2IjoiMSJ9.g9wHNlQffGC9FFvYzKxcc-ZTN0096WkTgkFbSZQEh4VeocKA4mcZKWLL-gN3-HOQLn2srchVmdbDOuxzCTBGyi5jKYoSBeDMap5dp0WzpK3bj79RNh0vmlErTJEFbByRWUfU3KnVqYTsnza_E449DaxMUVvqQgBfSZhYjixk4cTSiXAiMn00xhTBG9l5tTZq4PpKMC5n_0bXqtlKLC68CwChVGwGm8Vxu4faH3QfrOhdFgl1AlaZBrKxpYXWa97RHIe9BMPJlG3ONw8RjYVARugVO-u2i69VomxdWSXem90.ItD0wyHagFqDcbQ_58XAwTKguklN71ZsNaOoceFKaOo&dib_tag=se&keywords=pet+urine+odor+remover&qid=1757879260&sr=8-53,fl oz,32.0,32.0,1.368125
9/14/2025,Pets,Pets,P3-Pet urine odor remover,Odor eliminator,"Black Diamond Stoneworks Eliminates Urine Odors – Controls Cat, Dog, Pet & Human Smells from Carpet, Furniture, Mattresses, Grout and Pet Bedding & Concrete. Biodegradable Enzymes 32 Oz. Spray",142.0,Black Diamond Stoneworks,amazon,https://www.amazon.sa/-/en/Black-Diamond-Stoneworks-Eliminates-Urine/dp/B00138XKUK/ref=sr_1_54?dib=eyJ2IjoiMSJ9.g9wHNlQffGC9FFvYzKxcc-ZTN0096WkTgkFbSZQEh4VeocKA4mcZKWLL-gN3-HOQLn2srchVmdbDOuxzCTBGyi5jKYoSBeDMap5dp0WzpK3bj79RNh0vmlErTJEFbByRWUfU3KnVqYTsnza_E449DaxMUVvqQgBfSZhYjixk4cTSiXAiMn00xhTBG9l5tTZq4PpKMC5n_0bXqtlKLC68CwChVGwGm8Vxu4faH3QfrOhdFgl1AlaZBrKxpYXWa97RHIe9BMPJlG3ONw8RjYVARugVO-u2i69VomxdWSXem90.ItD0wyHagFqDcbQ_58XAwTKguklN71ZsNaOoceFKaOo&dib_tag=se&keywords=pet+urine+odor+remover&qid=1757879260&sr=8-54,fl oz,32.0,32.0,4.4375
9/14/2025,Pets,Pets,P3-Carpet cleaner for pet accidents,Carpet shampoo,Simple Solution Urine Destroyer Enzymatic Cleaner | Pet Stain and Odor Remover with 2X Pro-bacteria Cleaning Power | 32 Ounces,95.05,Simple Solution,amazon,https://www.amazon.sa/-/en/Simple-Solution-Destroyer-Enzymatic-Pro-bacteria/dp/B00WJQMO3E/ref=sr_1_4?dib=eyJ2IjoiMSJ9.4JaToa9HkDEHxA-ZZFHxKTDRko7qm8TJjvZn1j4arUk9KgqCR4_ZyIdH_6R4a3YAFO6bL6hF2WNRMe3Z91e-zrEWu2ErLLHwBjlufofa0S5sJZrM87oMtDJRIBE_E1rdcC_42Cdms9kTTlCHb_0qsSP1RlHpmcH0GMOgCsYg-OqvFGSRMFjpJfmZtbaB_kGQh9q7IaNrX2ImvWcXyFY7N3PCv5ivDYixbYIrVZuK0Hr6hFUSmmoXKvzFEiY05rDfyZVFpMSif2ArpqJB1nUkAYL4-KWxMt4JtrQo40QegaI.NzcMNcsBQkO58ld1d-SsUjHWqgqQ-D8wV3zegROEpgE&dib_tag=se&keywords=carpet+cleaner+for+pet+accidents&qid=1757879487&sr=8-4,L,5.0,5.0,19.01
9/14/2025,Pets,Pets,P3-Carpet cleaner for pet accidents,Carpet shampoo,"Bissell PET PRO OXY Spot & Stain Formula for Portable Carpet Cleaners, 32 oz., 2034",133.0,Bissell,amazon,https://www.amazon.sa/-/en/Bissell-Formula-Portable-Cleaners-2034/dp/B09MQXHJR5/ref=sr_1_5?dib=eyJ2IjoiMSJ9.4JaToa9HkDEHxA-ZZFHxKTDRko7qm8TJjvZn1j4arUk9KgqCR4_ZyIdH_6R4a3YAFO6bL6hF2WNRMe3Z91e-zrEWu2ErLLHwBjlufofa0S5sJZrM87oMtDJRIBE_E1rdcC_42Cdms9kTTlCHb_0qsSP1RlHpmcH0GMOgCsYg-OqvFGSRMFjpJfmZtbaB_kGQh9q7IaNrX2ImvWcXyFY7N3PCv5ivDYixbYIrVZuK0Hr6hFUSmmoXKvzFEiY05rDfyZVFpMSif2ArpqJB1nUkAYL4-KWxMt4JtrQo40QegaI.NzcMNcsBQkO58ld1d-SsUjHWqgqQ-D8wV3zegROEpgE&dib_tag=se&keywords=carpet+cleaner+for+pet+accidents&qid=1757879487&sr=8-5,fl oz,32.0,32.0,4.15625
9/14/2025,Pets,Pets,P3-Carpet cleaner for pet accidents,Carpet shampoo,Dr.Beckmann Carpet Cleaner Brush For carpet and upholstery 650ml,24.25,Dr. Beckmann,amazon,https://www.amazon.sa/-/en/Dr-Beckmann-Carpet-Cleaner-carpet-upholstery/dp/B006ZMNWYS/ref=sr_1_6?dib=eyJ2IjoiMSJ9.4JaToa9HkDEHxA-ZZFHxKTDRko7qm8TJjvZn1j4arUk9KgqCR4_ZyIdH_6R4a3YAFO6bL6hF2WNRMe3Z91e-zrEWu2ErLLHwBjlufofa0S5sJZrM87oMtDJRIBE_E1rdcC_42Cdms9kTTlCHb_0qsSP1RlHpmcH0GMOgCsYg-OqvFGSRMFjpJfmZtbaB_kGQh9q7IaNrX2ImvWcXyFY7N3PCv5ivDYixbYIrVZuK0Hr6hFUSmmoXKvzFEiY05rDfyZVFpMSif2ArpqJB1nUkAYL4-KWxMt4JtrQo40QegaI.NzcMNcsBQkO58ld1d-SsUjHWqgqQ-D8wV3zegROEpgE&dib_tag=se&keywords=carpet+cleaner+for+pet+accidents&qid=1757879487&sr=8-6,ml,650.0,0.65,37.30769230769231
9/14/2025,Pets,Pets,P3-Carpet cleaner for pet accidents,Carpet shampoo,"Simple Solution Stain & Odor Eliminator for Pets, Carpet Deodorizer, Enzyme Pet Odor Eliminator for Home, Stain Remover for Cat & Dog Pee, Urine Destroyer, Carpet Cleaner Spray, 32 oz",146.0,Simple Solution,amazon,https://www.amazon.sa/-/en/Simple-Solution-Eliminator-Deodorizer-Destroyer/dp/B0002APQVQ/ref=sr_1_7?dib=eyJ2IjoiMSJ9.4JaToa9HkDEHxA-ZZFHxKTDRko7qm8TJjvZn1j4arUk9KgqCR4_ZyIdH_6R4a3YAFO6bL6hF2WNRMe3Z91e-zrEWu2ErLLHwBjlufofa0S5sJZrM87oMtDJRIBE_E1rdcC_42Cdms9kTTlCHb_0qsSP1RlHpmcH0GMOgCsYg-OqvFGSRMFjpJfmZtbaB_kGQh9q7IaNrX2ImvWcXyFY7N3PCv5ivDYixbYIrVZuK0Hr6hFUSmmoXKvzFEiY05rDfyZVFpMSif2ArpqJB1nUkAYL4-KWxMt4JtrQo40QegaI.NzcMNcsBQkO58ld1d-SsUjHWqgqQ-D8wV3zegROEpgE&dib_tag=se&keywords=carpet+cleaner+for+pet+accidents&qid=1757879487&sr=8-7,fl oz,32.0,32.0,4.5625
9/14/2025,Pets,Pets,P3-Carpet cleaner for pet accidents,Carpet shampoo,"Rocco & Roxie Supply Co Professional Strength Stain and Odor Eliminator, Enzyme-Powered Pet Odor and Stain Remover for Dogs and Cat Urine, Spot Carpet Cleaner for Small Animal, 32 oz.",250.0,Rocco & Roxie Supply Co,amazon,https://www.amazon.sa/-/en/Rocco-Roxie-Supply-Professional-Enzyme-Powered/dp/B00CKFL93K/ref=sr_1_8?dib=eyJ2IjoiMSJ9.4JaToa9HkDEHxA-ZZFHxKTDRko7qm8TJjvZn1j4arUk9KgqCR4_ZyIdH_6R4a3YAFO6bL6hF2WNRMe3Z91e-zrEWu2ErLLHwBjlufofa0S5sJZrM87oMtDJRIBE_E1rdcC_42Cdms9kTTlCHb_0qsSP1RlHpmcH0GMOgCsYg-OqvFGSRMFjpJfmZtbaB_kGQh9q7IaNrX2ImvWcXyFY7N3PCv5ivDYixbYIrVZuK0Hr6hFUSmmoXKvzFEiY05rDfyZVFpMSif2ArpqJB1nUkAYL4-KWxMt4JtrQo40QegaI.NzcMNcsBQkO58ld1d-SsUjHWqgqQ-D8wV3zegROEpgE&dib_tag=se&keywords=carpet+cleaner+for+pet+accidents&qid=1757879487&sr=8-8,fl oz,32.0,32.0,7.8125
9/14/2025,Pets,Pets,P3-Carpet cleaner for pet accidents,Carpet shampoo,"FOLEX Instant Carpet Spot Remover Carpet Cleaner - 128 oz - Removes Pet Accidents, Grease, Red Wine and More",287.17,FOLEX,amazon,https://www.amazon.sa/-/en/dp/B0F4GTQ7MJ/ref=sr_1_11?dib=eyJ2IjoiMSJ9.4JaToa9HkDEHxA-ZZFHxKTDRko7qm8TJjvZn1j4arUk9KgqCR4_ZyIdH_6R4a3YAFO6bL6hF2WNRMe3Z91e-zrEWu2ErLLHwBjlufofa0S5sJZrM87oMtDJRIBE_E1rdcC_42Cdms9kTTlCHb_0qsSP1RlHpmcH0GMOgCsYg-OqvFGSRMFjpJfmZtbaB_kGQh9q7IaNrX2ImvWcXyFY7N3PCv5ivDYixbYIrVZuK0Hr6hFUSmmoXKvzFEiY05rDfyZVFpMSif2ArpqJB1nUkAYL4-KWxMt4JtrQo40QegaI.NzcMNcsBQkO58ld1d-SsUjHWqgqQ-D8wV3zegROEpgE&dib_tag=se&keywords=carpet+cleaner+for+pet+accidents&qid=1757879487&sr=8-11,fl oz,128.0,128.0,2.243515625
9/14/2025,Pets,Pets,P3-Carpet cleaner for pet accidents,Carpet shampoo,"Bissell Professional Spot and Stain + Oxy Portable Machine Formula, 32 oz, 32 Fl Oz",114.0,Bissell,amazon,https://www.amazon.sa/-/en/Bissell-Professional-Portable-Machine-Formula/dp/B074FRJR9M/ref=sr_1_12?dib=eyJ2IjoiMSJ9.4JaToa9HkDEHxA-ZZFHxKTDRko7qm8TJjvZn1j4arUk9KgqCR4_ZyIdH_6R4a3YAFO6bL6hF2WNRMe3Z91e-zrEWu2ErLLHwBjlufofa0S5sJZrM87oMtDJRIBE_E1rdcC_42Cdms9kTTlCHb_0qsSP1RlHpmcH0GMOgCsYg-OqvFGSRMFjpJfmZtbaB_kGQh9q7IaNrX2ImvWcXyFY7N3PCv5ivDYixbYIrVZuK0Hr6hFUSmmoXKvzFEiY05rDfyZVFpMSif2ArpqJB1nUkAYL4-KWxMt4JtrQo40QegaI.NzcMNcsBQkO58ld1d-SsUjHWqgqQ-D8wV3zegROEpgE&dib_tag=se&keywords=carpet+cleaner+for+pet+accidents&qid=1757879487&sr=8-12,fl oz,32.0,32.0,3.5625
9/14/2025,Pets,Pets,P3-Carpet cleaner for pet accidents,Carpet shampoo,"FOLEX Instant Carpet Spot Remover Carpet Cleaner with Reusable Cleaning Cloth - 128 oz - Removes Pet Accidents, Grease, Red Wine and More - 1 Pack",208.84,FOLEX,amazon,https://www.amazon.sa/-/en/FOLEX-Instant-Remover-Reusable-Cleaning/dp/B0F7CM1NYT/ref=sr_1_14?dib=eyJ2IjoiMSJ9.4JaToa9HkDEHxA-ZZFHxKTDRko7qm8TJjvZn1j4arUk9KgqCR4_ZyIdH_6R4a3YAFO6bL6hF2WNRMe3Z91e-zrEWu2ErLLHwBjlufofa0S5sJZrM87oMtDJRIBE_E1rdcC_42Cdms9kTTlCHb_0qsSP1RlHpmcH0GMOgCsYg-OqvFGSRMFjpJfmZtbaB_kGQh9q7IaNrX2ImvWcXyFY7N3PCv5ivDYixbYIrVZuK0Hr6hFUSmmoXKvzFEiY05rDfyZVFpMSif2ArpqJB1nUkAYL4-KWxMt4JtrQo40QegaI.NzcMNcsBQkO58ld1d-SsUjHWqgqQ-D8wV3zegROEpgE&dib_tag=se&keywords=carpet+cleaner+for+pet+accidents&qid=1757879487&sr=8-14,fl oz,128.0,128.0,1.6315625
9/14/2025,Pets,Pets,P3-Carpet cleaner for pet accidents,Carpet shampoo,"Simple Solution Extreme Pet Stain and Odor Eliminator Spray for Dogs & Cats, Enzyme Cleaner With 3X Pro-Bacteria Cleaning Power, Strong Smell Remover for Carpets, Upholstery & Floors, 32 oz and Gallon",54.46,Simple Solution,amazon,https://www.amazon.sa/-/en/Simple-Solution-Eliminator-Pro-Bacteria-Upholstery/dp/B0DFHNT33P/ref=sr_1_15?dib=eyJ2IjoiMSJ9.4JaToa9HkDEHxA-ZZFHxKTDRko7qm8TJjvZn1j4arUk9KgqCR4_ZyIdH_6R4a3YAFO6bL6hF2WNRMe3Z91e-zrEWu2ErLLHwBjlufofa0S5sJZrM87oMtDJRIBE_E1rdcC_42Cdms9kTTlCHb_0qsSP1RlHpmcH0GMOgCsYg-OqvFGSRMFjpJfmZtbaB_kGQh9q7IaNrX2ImvWcXyFY7N3PCv5ivDYixbYIrVZuK0Hr6hFUSmmoXKvzFEiY05rDfyZVFpMSif2ArpqJB1nUkAYL4-KWxMt4JtrQo40QegaI.NzcMNcsBQkO58ld1d-SsUjHWqgqQ-D8wV3zegROEpgE&dib_tag=se&keywords=carpet+cleaner+for+pet+accidents&qid=1757879487&sr=8-15,fl oz,160.0,160.0,0.340375
9/14/2025,Pets,Pets,P3-Carpet cleaner for pet accidents,Carpet shampoo,"Sunny & Honey Pet Stain & Odor Miracle - Enzyme Cleaner for Dog Urine Cat Pee Feces Vomit, Enzymatic Solution Cleans Carpet Rug Car Upholstery Couch Mattress Furniture, Stain Eliminator (32FL OZ)",199.85,Sunny & Honey,amazon,https://www.amazon.sa/-/en/Sunny-Honey-Stain-Odor-Miracle/dp/B00J4Z5B24/ref=sr_1_16?dib=eyJ2IjoiMSJ9.4JaToa9HkDEHxA-ZZFHxKTDRko7qm8TJjvZn1j4arUk9KgqCR4_ZyIdH_6R4a3YAFO6bL6hF2WNRMe3Z91e-zrEWu2ErLLHwBjlufofa0S5sJZrM87oMtDJRIBE_E1rdcC_42Cdms9kTTlCHb_0qsSP1RlHpmcH0GMOgCsYg-OqvFGSRMFjpJfmZtbaB_kGQh9q7IaNrX2ImvWcXyFY7N3PCv5ivDYixbYIrVZuK0Hr6hFUSmmoXKvzFEiY05rDfyZVFpMSif2ArpqJB1nUkAYL4-KWxMt4JtrQo40QegaI.NzcMNcsBQkO58ld1d-SsUjHWqgqQ-D8wV3zegROEpgE&dib_tag=se&keywords=carpet+cleaner+for+pet+accidents&qid=1757879487&sr=8-16,fl oz,32.0,32.0,6.2453125
9/14/2025,Pets,Pets,P3-Carpet cleaner for pet accidents,Carpet shampoo,Only Natural Pet Enzyme Powered Stain & Odor Eliminator - Professional Pet Urine Pee Cleaner Deodorizer For Dogs - Hardwood Floors Carpets Upholstery - Fresh Mandarin Orange & Green Tea Scent - 32Floz,153.43,Only Natural Pet,amazon,https://www.amazon.sa/-/en/Only-Natural-Pet-Powered-Eliminator/dp/B01DBZSOGM/ref=sr_1_18?dib=eyJ2IjoiMSJ9.4JaToa9HkDEHxA-ZZFHxKTDRko7qm8TJjvZn1j4arUk9KgqCR4_ZyIdH_6R4a3YAFO6bL6hF2WNRMe3Z91e-zrEWu2ErLLHwBjlufofa0S5sJZrM87oMtDJRIBE_E1rdcC_42Cdms9kTTlCHb_0qsSP1RlHpmcH0GMOgCsYg-OqvFGSRMFjpJfmZtbaB_kGQh9q7IaNrX2ImvWcXyFY7N3PCv5ivDYixbYIrVZuK0Hr6hFUSmmoXKvzFEiY05rDfyZVFpMSif2ArpqJB1nUkAYL4-KWxMt4JtrQo40QegaI.NzcMNcsBQkO58ld1d-SsUjHWqgqQ-D8wV3zegROEpgE&dib_tag=se&keywords=carpet+cleaner+for+pet+accidents&qid=1757879487&sr=8-18,fl oz,32.0,32.0,4.7946875
9/14/2025,Pets,Pets,P3-Carpet cleaner for pet accidents,Carpet shampoo,"Resolve Pet Expert Carpet & Upholstery Cleaner - Removes Stains and Odors, 22 oz",93.0,Resolve,amazon,https://www.amazon.sa/-/en/Resolve-Expert-Carpet-Upholstery-Cleaner/dp/B00FFDP0F2/ref=sr_1_20?dib=eyJ2IjoiMSJ9.4JaToa9HkDEHxA-ZZFHxKTDRko7qm8TJjvZn1j4arUk9KgqCR4_ZyIdH_6R4a3YAFO6bL6hF2WNRMe3Z91e-zrEWu2ErLLHwBjlufofa0S5sJZrM87oMtDJRIBE_E1rdcC_42Cdms9kTTlCHb_0qsSP1RlHpmcH0GMOgCsYg-OqvFGSRMFjpJfmZtbaB_kGQh9q7IaNrX2ImvWcXyFY7N3PCv5ivDYixbYIrVZuK0Hr6hFUSmmoXKvzFEiY05rDfyZVFpMSif2ArpqJB1nUkAYL4-KWxMt4JtrQo40QegaI.NzcMNcsBQkO58ld1d-SsUjHWqgqQ-D8wV3zegROEpgE&dib_tag=se&keywords=carpet+cleaner+for+pet+accidents&qid=1757879487&sr=8-20,fl oz,22.0,22.0,4.227272727272728
9/14/2025,Pets,Pets,P3-Carpet cleaner for pet accidents,Carpet shampoo,Bissell Professional Pet Urine Elimator with Oxy and Febreze Carpet Cleaner Shampoo 48 Ounce,209.27,Bissell,amazon,https://www.amazon.sa/-/en/Bissell-Professional-Elimator-Febreze-Cleaner/dp/B07BV5LT27/ref=sr_1_25?dib=eyJ2IjoiMSJ9.4JaToa9HkDEHxA-ZZFHxKTDRko7qm8TJjvZn1j4arUk9KgqCR4_ZyIdH_6R4a3YAFO6bL6hF2WNRMe3Z91e-zrEWu2ErLLHwBjlufofa0S5sJZrM87oMtDJRIBE_E1rdcC_42Cdms9kTTlCHb_0qsSP1RlHpmcH0GMOgCsYg-OqvFGSRMFjpJfmZtbaB_kGQh9q7IaNrX2ImvWcXyFY7N3PCv5ivDYixbYIrVZuK0Hr6hFUSmmoXKvzFEiY05rDfyZVFpMSif2ArpqJB1nUkAYL4-KWxMt4JtrQo40QegaI.NzcMNcsBQkO58ld1d-SsUjHWqgqQ-D8wV3zegROEpgE&dib_tag=se&keywords=carpet+cleaner+for+pet+accidents&qid=1757879487&sr=8-25,fl oz,48.0,48.0,4.359791666666667
9/14/2025,Pets,Pets,P3-Carpet cleaner for pet accidents,Carpet shampoo,"Turtle Wax 53839 Spot Clean Stain & Odor Remover, Non-Aerosol Foaming Spray Cleaner for Carpet, Fabric and Upholstered Surfaces, Eliminates Tough Stains, Deodorizes, 16 oz",39.94,Turtle Wax,amazon,https://www.amazon.sa/-/en/Turtle-Wax-53839-Non-Aerosol-Upholstered/dp/B0BL438QZZ/ref=sr_1_26?dib=eyJ2IjoiMSJ9.4JaToa9HkDEHxA-ZZFHxKTDRko7qm8TJjvZn1j4arUk9KgqCR4_ZyIdH_6R4a3YAFO6bL6hF2WNRMe3Z91e-zrEWu2ErLLHwBjlufofa0S5sJZrM87oMtDJRIBE_E1rdcC_42Cdms9kTTlCHb_0qsSP1RlHpmcH0GMOgCsYg-OqvFGSRMFjpJfmZtbaB_kGQh9q7IaNrX2ImvWcXyFY7N3PCv5ivDYixbYIrVZuK0Hr6hFUSmmoXKvzFEiY05rDfyZVFpMSif2ArpqJB1nUkAYL4-KWxMt4JtrQo40QegaI.NzcMNcsBQkO58ld1d-SsUjHWqgqQ-D8wV3zegROEpgE&dib_tag=se&keywords=carpet+cleaner+for+pet+accidents&qid=1757879487&sr=8-26,fl oz,16.0,16.0,2.49625
9/14/2025,Pets,Pets,P3-Carpet cleaner for pet accidents,Carpet shampoo,"Bissell 74R7 Pet Stain & Odor Portable Machine Formula, 32-Ounce, Fl Oz",37.99,Bissell,amazon,https://www.amazon.sa/-/en/Bissell-74R7-Portable-Machine-32-Ounce/dp/B002S52WX8/ref=sr_1_27?dib=eyJ2IjoiMSJ9.4JaToa9HkDEHxA-ZZFHxKTDRko7qm8TJjvZn1j4arUk9KgqCR4_ZyIdH_6R4a3YAFO6bL6hF2WNRMe3Z91e-zrEWu2ErLLHwBjlufofa0S5sJZrM87oMtDJRIBE_E1rdcC_42Cdms9kTTlCHb_0qsSP1RlHpmcH0GMOgCsYg-OqvFGSRMFjpJfmZtbaB_kGQh9q7IaNrX2ImvWcXyFY7N3PCv5ivDYixbYIrVZuK0Hr6hFUSmmoXKvzFEiY05rDfyZVFpMSif2ArpqJB1nUkAYL4-KWxMt4JtrQo40QegaI.NzcMNcsBQkO58ld1d-SsUjHWqgqQ-D8wV3zegROEpgE&dib_tag=se&keywords=carpet+cleaner+for+pet+accidents&qid=1757879487&sr=8-27,fl oz,32.0,32.0,1.1871875
9/14/2025,Pets,Pets,P3-Carpet cleaner for pet accidents,Carpet shampoo,"Hoover Pet Portable Spot Cleaner Solution, 32 oz., Tropical Breeze Scent, Upholstery and Carpet Shampoo Solution, Eliminates Pet Messes and Odors, Designed for Hoover CleanSlate Spot Cleaner",159.0,Hoover,amazon,https://www.amazon.sa/-/en/Hoover-Portable-Upholstery-Eliminates-CleanSlate/dp/B07RCNGVP2/ref=sr_1_29?dib=eyJ2IjoiMSJ9.4JaToa9HkDEHxA-ZZFHxKTDRko7qm8TJjvZn1j4arUk9KgqCR4_ZyIdH_6R4a3YAFO6bL6hF2WNRMe3Z91e-zrEWu2ErLLHwBjlufofa0S5sJZrM87oMtDJRIBE_E1rdcC_42Cdms9kTTlCHb_0qsSP1RlHpmcH0GMOgCsYg-OqvFGSRMFjpJfmZtbaB_kGQh9q7IaNrX2ImvWcXyFY7N3PCv5ivDYixbYIrVZuK0Hr6hFUSmmoXKvzFEiY05rDfyZVFpMSif2ArpqJB1nUkAYL4-KWxMt4JtrQo40QegaI.NzcMNcsBQkO58ld1d-SsUjHWqgqQ-D8wV3zegROEpgE&dib_tag=se&keywords=carpet+cleaner+for+pet+accidents&qid=1757879487&sr=8-29,fl oz,32.0,32.0,4.96875
9/14/2025,Pets,Pets,P3-Carpet cleaner for pet accidents,Carpet shampoo,"Carpet Aid Stain Remover – Carpet Cleaner Solution & Upholstery Cleaner for Tough Stains like Traffic, Dirt, Oil, Pet Accidents & Wine Spills – 100% Recyclable Can (10oz)",151.0,CarpetAid+,amazon,https://www.amazon.sa/-/en/Carpet-Aid-Stain-Remover-Upholstery/dp/B004P4UIJU/ref=sr_1_31?dib=eyJ2IjoiMSJ9.4JaToa9HkDEHxA-ZZFHxKTDRko7qm8TJjvZn1j4arUk9KgqCR4_ZyIdH_6R4a3YAFO6bL6hF2WNRMe3Z91e-zrEWu2ErLLHwBjlufofa0S5sJZrM87oMtDJRIBE_E1rdcC_42Cdms9kTTlCHb_0qsSP1RlHpmcH0GMOgCsYg-OqvFGSRMFjpJfmZtbaB_kGQh9q7IaNrX2ImvWcXyFY7N3PCv5ivDYixbYIrVZuK0Hr6hFUSmmoXKvzFEiY05rDfyZVFpMSif2ArpqJB1nUkAYL4-KWxMt4JtrQo40QegaI.NzcMNcsBQkO58ld1d-SsUjHWqgqQ-D8wV3zegROEpgE&dib_tag=se&keywords=carpet+cleaner+for+pet+accidents&qid=1757879487&sr=8-31,fl oz,10.0,10.0,15.1
9/14/2025,Pets,Pets,P3-Carpet cleaner for pet accidents,Carpet shampoo,Angry Orange Stain Remover - 32oz Enzyme Pet Cleaner - Dog & Cat Urine Destroyer and Stain Remover - Citrus Spray Cleaning Solution - Puppy Supplies,204.23,ANGRY ORANGE,amazon,https://www.amazon.sa/-/en/Angry-Orange-Stain-Remover-Destroyer/dp/B07P8B4JDG/ref=sr_1_32?dib=eyJ2IjoiMSJ9.4JaToa9HkDEHxA-ZZFHxKTDRko7qm8TJjvZn1j4arUk9KgqCR4_ZyIdH_6R4a3YAFO6bL6hF2WNRMe3Z91e-zrEWu2ErLLHwBjlufofa0S5sJZrM87oMtDJRIBE_E1rdcC_42Cdms9kTTlCHb_0qsSP1RlHpmcH0GMOgCsYg-OqvFGSRMFjpJfmZtbaB_kGQh9q7IaNrX2ImvWcXyFY7N3PCv5ivDYixbYIrVZuK0Hr6hFUSmmoXKvzFEiY05rDfyZVFpMSif2ArpqJB1nUkAYL4-KWxMt4JtrQo40QegaI.NzcMNcsBQkO58ld1d-SsUjHWqgqQ-D8wV3zegROEpgE&dib_tag=se&keywords=carpet+cleaner+for+pet+accidents&qid=1757879487&sr=8-32,fl oz,32.0,32.0,6.3821875
9/14/2025,Pets,Pets,P3-Carpet cleaner for pet accidents,Carpet shampoo,Dr. Beckmann 2 in 1 Multipurpose Pet Stain remover shampoo with Cleaning brush|Advanced Oxi powered Formula|Easy to use|Home & Pet Care Essentials|DIY|Eliminates Tough Stains & Odours|650 ml,43.58,Dr. Beckmann,amazon,https://www.amazon.sa/-/en/Dr-Beckmann-Multipurpose-Essentials-Eliminates/dp/B08R3HT6V5/ref=sr_1_35?dib=eyJ2IjoiMSJ9.4JaToa9HkDEHxA-ZZFHxKTDRko7qm8TJjvZn1j4arUk9KgqCR4_ZyIdH_6R4a3YAFO6bL6hF2WNRMe3Z91e-zrEWu2ErLLHwBjlufofa0S5sJZrM87oMtDJRIBE_E1rdcC_42Cdms9kTTlCHb_0qsSP1RlHpmcH0GMOgCsYg-OqvFGSRMFjpJfmZtbaB_kGQh9q7IaNrX2ImvWcXyFY7N3PCv5ivDYixbYIrVZuK0Hr6hFUSmmoXKvzFEiY05rDfyZVFpMSif2ArpqJB1nUkAYL4-KWxMt4JtrQo40QegaI.NzcMNcsBQkO58ld1d-SsUjHWqgqQ-D8wV3zegROEpgE&dib_tag=se&keywords=carpet+cleaner+for+pet+accidents&qid=1757879487&sr=8-35,ml,650.0,0.65,67.04615384615384
9/14/2025,Pets,Pets,P3-Carpet cleaner for pet accidents,Carpet shampoo,Carbona® Oxy-Powered Steam Carpet Cleaner | Professional Strength Deep Clean Solution | Stain & Odor Fighting Solution | 48 Fl Oz,72.91,Carbona,amazon,https://www.amazon.sa/-/en/Carbona%C2%AE-Oxy-Powered-Professional-Strength-Solution/dp/B006YW0E22/ref=sr_1_42?dib=eyJ2IjoiMSJ9.4JaToa9HkDEHxA-ZZFHxKTDRko7qm8TJjvZn1j4arUk9KgqCR4_ZyIdH_6R4a3YAFO6bL6hF2WNRMe3Z91e-zrEWu2ErLLHwBjlufofa0S5sJZrM87oMtDJRIBE_E1rdcC_42Cdms9kTTlCHb_0qsSP1RlHpmcH0GMOgCsYg-OqvFGSRMFjpJfmZtbaB_kGQh9q7IaNrX2ImvWcXyFY7N3PCv5ivDYixbYIrVZuK0Hr6hFUSmmoXKvzFEiY05rDfyZVFpMSif2ArpqJB1nUkAYL4-KWxMt4JtrQo40QegaI.NzcMNcsBQkO58ld1d-SsUjHWqgqQ-D8wV3zegROEpgE&dib_tag=se&keywords=carpet+cleaner+for+pet+accidents&qid=1757879487&sr=8-42,fl oz,48.0,48.0,1.5189583333333332
9/14/2025,Pets,Pets,P3-Carpet cleaner for pet accidents,Carpet shampoo,"BISSELL Oxygen Boost, Cleaning Solution booster for SpotClean Portable Carpet Cleaner formulas, For use on carpet, upholstery, area rugs and car interiors, 1L, 1134N",79.0,Bissell,amazon,https://www.amazon.sa/-/en/Cleaning-SpotClean-upholstery-interiors-1134N/dp/B0753NXDPR/ref=sr_1_44?dib=eyJ2IjoiMSJ9.4JaToa9HkDEHxA-ZZFHxKTDRko7qm8TJjvZn1j4arUk9KgqCR4_ZyIdH_6R4a3YAFO6bL6hF2WNRMe3Z91e-zrEWu2ErLLHwBjlufofa0S5sJZrM87oMtDJRIBE_E1rdcC_42Cdms9kTTlCHb_0qsSP1RlHpmcH0GMOgCsYg-OqvFGSRMFjpJfmZtbaB_kGQh9q7IaNrX2ImvWcXyFY7N3PCv5ivDYixbYIrVZuK0Hr6hFUSmmoXKvzFEiY05rDfyZVFpMSif2ArpqJB1nUkAYL4-KWxMt4JtrQo40QegaI.NzcMNcsBQkO58ld1d-SsUjHWqgqQ-D8wV3zegROEpgE&dib_tag=se&keywords=carpet+cleaner+for+pet+accidents&qid=1757879487&sr=8-44,L,1.0,1.0,79.0
9/14/2025,Pets,Pets,P3-Carpet cleaner for pet accidents,Carpet shampoo,"Lift Off 45006-6PK Probiotic Stain & Odor Eliminator Spray - Natural Enzyme Carpet Cleaner & Pet Odor Eliminator for Urine, Upholstery, & Hard Floors - Safe Around Kids & Pets - 16 Fl Oz, Pack of 6",116.76,Motsenbocker's Lift Off,amazon,https://www.amazon.sa/-/en/Lift-Off-45006-6PK-Probiotic-Eliminator/dp/B0DW6G9Y5S/ref=sr_1_45?dib=eyJ2IjoiMSJ9.4JaToa9HkDEHxA-ZZFHxKTDRko7qm8TJjvZn1j4arUk9KgqCR4_ZyIdH_6R4a3YAFO6bL6hF2WNRMe3Z91e-zrEWu2ErLLHwBjlufofa0S5sJZrM87oMtDJRIBE_E1rdcC_42Cdms9kTTlCHb_0qsSP1RlHpmcH0GMOgCsYg-OqvFGSRMFjpJfmZtbaB_kGQh9q7IaNrX2ImvWcXyFY7N3PCv5ivDYixbYIrVZuK0Hr6hFUSmmoXKvzFEiY05rDfyZVFpMSif2ArpqJB1nUkAYL4-KWxMt4JtrQo40QegaI.NzcMNcsBQkO58ld1d-SsUjHWqgqQ-D8wV3zegROEpgE&dib_tag=se&keywords=carpet+cleaner+for+pet+accidents&qid=1757879487&sr=8-45,fl oz,96.0,96.0,1.21625
9/14/2025,Pets,Pets,P3-Carpet cleaner for pet accidents,Carpet shampoo,"Folex Carpet Spot Remover, 32 oz/bottle, 64 oz Total",268.0,FOLEX,amazon,https://www.amazon.sa/-/en/Folex-Carpet-Remover-bottle-Total/dp/B01CQ52BP8/ref=sr_1_46?dib=eyJ2IjoiMSJ9.4JaToa9HkDEHxA-ZZFHxKTDRko7qm8TJjvZn1j4arUk9KgqCR4_ZyIdH_6R4a3YAFO6bL6hF2WNRMe3Z91e-zrEWu2ErLLHwBjlufofa0S5sJZrM87oMtDJRIBE_E1rdcC_42Cdms9kTTlCHb_0qsSP1RlHpmcH0GMOgCsYg-OqvFGSRMFjpJfmZtbaB_kGQh9q7IaNrX2ImvWcXyFY7N3PCv5ivDYixbYIrVZuK0Hr6hFUSmmoXKvzFEiY05rDfyZVFpMSif2ArpqJB1nUkAYL4-KWxMt4JtrQo40QegaI.NzcMNcsBQkO58ld1d-SsUjHWqgqQ-D8wV3zegROEpgE&dib_tag=se&keywords=carpet+cleaner+for+pet+accidents&qid=1757879487&sr=8-46,fl oz,32.0,32.0,8.375
9/14/2025,Pets,Pets,P3-Carpet cleaner for pet accidents,Carpet shampoo,"Bissell 78H63 Deep Clean Pro 4X Deep Cleaning Concentrated Carpet Shampoo, 48 ounces - Silver",226.69,Bissell,amazon,https://www.amazon.sa/-/en/Bissell-78H63-Cleaning-Concentrated-Shampoo/dp/B004H1R8TY/ref=sr_1_47?dib=eyJ2IjoiMSJ9.4JaToa9HkDEHxA-ZZFHxKTDRko7qm8TJjvZn1j4arUk9KgqCR4_ZyIdH_6R4a3YAFO6bL6hF2WNRMe3Z91e-zrEWu2ErLLHwBjlufofa0S5sJZrM87oMtDJRIBE_E1rdcC_42Cdms9kTTlCHb_0qsSP1RlHpmcH0GMOgCsYg-OqvFGSRMFjpJfmZtbaB_kGQh9q7IaNrX2ImvWcXyFY7N3PCv5ivDYixbYIrVZuK0Hr6hFUSmmoXKvzFEiY05rDfyZVFpMSif2ArpqJB1nUkAYL4-KWxMt4JtrQo40QegaI.NzcMNcsBQkO58ld1d-SsUjHWqgqQ-D8wV3zegROEpgE&dib_tag=se&keywords=carpet+cleaner+for+pet+accidents&qid=1757879487&sr=8-47,fl oz,48.0,48.0,4.722708333333333
9/14/2025,Pets,Pets,P3-Carpet cleaner for pet accidents,Carpet shampoo,Rocco & Roxie Oxy Stain Remover - Oxygen Powered Spot Carpet Cleaner - Professional Strength Cleaning Supplies - Pet Stains Disappear - Quickly Remove Upholstery or Laundry Stains - 32 Oz.,204.27,Rocco & Roxie Supply Co,amazon,https://www.amazon.sa/-/en/Rocco-Roxie-Oxy-Stain-Remover/dp/B00WT7JS1O/ref=sr_1_54?dib=eyJ2IjoiMSJ9.4JaToa9HkDEHxA-ZZFHxKTDRko7qm8TJjvZn1j4arUk9KgqCR4_ZyIdH_6R4a3YAFO6bL6hF2WNRMe3Z91e-zrEWu2ErLLHwBjlufofa0S5sJZrM87oMtDJRIBE_E1rdcC_42Cdms9kTTlCHb_0qsSP1RlHpmcH0GMOgCsYg-OqvFGSRMFjpJfmZtbaB_kGQh9q7IaNrX2ImvWcXyFY7N3PCv5ivDYixbYIrVZuK0Hr6hFUSmmoXKvzFEiY05rDfyZVFpMSif2ArpqJB1nUkAYL4-KWxMt4JtrQo40QegaI.NzcMNcsBQkO58ld1d-SsUjHWqgqQ-D8wV3zegROEpgE&dib_tag=se&keywords=carpet+cleaner+for+pet+accidents&qid=1757879487&sr=8-54,fl oz,32.0,32.0,6.3834375
9/14/2025,Pets,Pets,P4-Flea and tick home spray,Bug repellent,"Vet's Best Flea And Tick Home Treatment Spray, 907.2 Oz",173.0,Vet's Best,amazon,https://www.amazon.sa/-/en/Vets-Best-Treatment-Spray-907-2/dp/B003PRI6OC/ref=sr_1_4?dib=eyJ2IjoiMSJ9.y0r5UXAdtEMKvAvM_tk3V-uOmKxQ89HTWPCOfkfKbMrbMSAJ8zQqVCA_JAS9zIwU0cBVdJijrw1v1efU0EZaXovhEspI2jN885GThlilsnIJKf5wMimNg_uCyt1lV05B8QJ3ekQFC9Hho4KVolXkpzdMao3re2Sz7ZQDLYYdAjs_akc6lmaCafA6LnEk7OB6aVEMFGRXxYMXDe7_1I2OLBA0geLamYbdb8FEqjyFz_1m3J6pNL72yk277z4_6SNJxPJunYVQFngvpUweYpTLu5olHSHTWjq4nOZWBuOW3QU.AX45d69NbKEaNwW9zeGivhcwd3r5AdZmSZb8Cj0JAgM&dib_tag=se&keywords=flea+and+tick+home+spray&qid=1757879759&sr=8-4,fl oz,32.0,32.0,5.40625
9/14/2025,Pets,Pets,P4-Flea and tick home spray,Bug repellent,"Adams Flea & Tick Home Spray with Precor, Kills Fleas, Flea Eggs, Flea Larvae, Bed Bugs, Ticks, Ants, Cockroaches, Spiders, Mosquitoes And Many Other Listed Nuisance Pests In The Home, 24 Fl Oz",135.57,Adams,amazon,https://www.amazon.sa/-/en/Adams-Cockroaches-Spiders-Mosquitoes-Nuisance/dp/B00JN9H50M/ref=sr_1_5?dib=eyJ2IjoiMSJ9.y0r5UXAdtEMKvAvM_tk3V-uOmKxQ89HTWPCOfkfKbMrbMSAJ8zQqVCA_JAS9zIwU0cBVdJijrw1v1efU0EZaXovhEspI2jN885GThlilsnIJKf5wMimNg_uCyt1lV05B8QJ3ekQFC9Hho4KVolXkpzdMao3re2Sz7ZQDLYYdAjs_akc6lmaCafA6LnEk7OB6aVEMFGRXxYMXDe7_1I2OLBA0geLamYbdb8FEqjyFz_1m3J6pNL72yk277z4_6SNJxPJunYVQFngvpUweYpTLu5olHSHTWjq4nOZWBuOW3QU.AX45d69NbKEaNwW9zeGivhcwd3r5AdZmSZb8Cj0JAgM&dib_tag=se&keywords=flea+and+tick+home+spray&qid=1757879759&sr=8-5,fl oz,24.0,24.0,5.64875
9/14/2025,Pets,Pets,P4-Flea and tick home spray,Bug repellent,"Vet's Best Natural Flea and Tick Home Spray, Dog Flea and Tick Treatment for Home, Plant-Based Flea and Tick Prevention, Dog Flea & Tick Control and Mosquito Repellent, Certified Natural Oils, 14 oz",130.0,Vet's Best,amazon,https://www.amazon.sa/-/en/Vets-Best-Treatment-Plant-Based-Prevention/dp/B084PF3MM6/ref=sr_1_6?dib=eyJ2IjoiMSJ9.y0r5UXAdtEMKvAvM_tk3V-uOmKxQ89HTWPCOfkfKbMrbMSAJ8zQqVCA_JAS9zIwU0cBVdJijrw1v1efU0EZaXovhEspI2jN885GThlilsnIJKf5wMimNg_uCyt1lV05B8QJ3ekQFC9Hho4KVolXkpzdMao3re2Sz7ZQDLYYdAjs_akc6lmaCafA6LnEk7OB6aVEMFGRXxYMXDe7_1I2OLBA0geLamYbdb8FEqjyFz_1m3J6pNL72yk277z4_6SNJxPJunYVQFngvpUweYpTLu5olHSHTWjq4nOZWBuOW3QU.AX45d69NbKEaNwW9zeGivhcwd3r5AdZmSZb8Cj0JAgM&dib_tag=se&keywords=flea+and+tick+home+spray&qid=1757879759&sr=8-6,fl oz,14.0,14.0,9.285714285714286
9/14/2025,Pets,Pets,P4-Flea and tick home spray,Bug repellent,Vet’s Best Flea & Tick Home Spray for Cats – Plant-Based Flea and Tick Treatment with Cotton Spice Scent – Gentle Flea Mist for Indoor Use – Made in USA Natural Cat Flea Control – 32 oz,213.46,Vet's Best,amazon,https://www.amazon.sa/-/en/Vets-Best-Flea-Tick-Spray/dp/B0CX3C65S6/ref=sr_1_9?dib=eyJ2IjoiMSJ9.y0r5UXAdtEMKvAvM_tk3V-uOmKxQ89HTWPCOfkfKbMrbMSAJ8zQqVCA_JAS9zIwU0cBVdJijrw1v1efU0EZaXovhEspI2jN885GThlilsnIJKf5wMimNg_uCyt1lV05B8QJ3ekQFC9Hho4KVolXkpzdMao3re2Sz7ZQDLYYdAjs_akc6lmaCafA6LnEk7OB6aVEMFGRXxYMXDe7_1I2OLBA0geLamYbdb8FEqjyFz_1m3J6pNL72yk277z4_6SNJxPJunYVQFngvpUweYpTLu5olHSHTWjq4nOZWBuOW3QU.AX45d69NbKEaNwW9zeGivhcwd3r5AdZmSZb8Cj0JAgM&dib_tag=se&keywords=flea+and+tick+home+spray&qid=1757879759&sr=8-9,fl oz,32.0,32.0,6.670625
9/14/2025,Pets,Pets,P4-Flea and tick home spray,Bug repellent,Natural Flea & Tick Home Spray,217.0,Company not found,amazon,https://www.amazon.sa/-/en/Natural-Flea-Tick-Home-Spray/dp/B01EUMTNY2/ref=sr_1_17?dib=eyJ2IjoiMSJ9.y0r5UXAdtEMKvAvM_tk3V-uOmKxQ89HTWPCOfkfKbMrbMSAJ8zQqVCA_JAS9zIwU0cBVdJijrw1v1efU0EZaXovhEspI2jN885GThlilsnIJKf5wMimNg_uCyt1lV05B8QJ3ekQFC9Hho4KVolXkpzdMao3re2Sz7ZQDLYYdAjs_akc6lmaCafA6LnEk7OB6aVEMFGRXxYMXDe7_1I2OLBA0geLamYbdb8FEqjyFz_1m3J6pNL72yk277z4_6SNJxPJunYVQFngvpUweYpTLu5olHSHTWjq4nOZWBuOW3QU.AX45d69NbKEaNwW9zeGivhcwd3r5AdZmSZb8Cj0JAgM&dib_tag=se&keywords=flea+and+tick+home+spray&qid=1757879759&sr=8-17,fl oz,32.0,32.0,6.78125
9/14/2025,Pets,Pets,P4-Flea and tick home spray,Bug repellent,Hartz UltraGuard Plus Flea & Tick Home Spray - 22oz,295.08,Hartz,amazon,https://www.amazon.sa/-/en/Hartz-UltraGuard-Plus-Flea-Spray/dp/B0016HDW5G/ref=sr_1_19?dib=eyJ2IjoiMSJ9.y0r5UXAdtEMKvAvM_tk3V-uOmKxQ89HTWPCOfkfKbMrbMSAJ8zQqVCA_JAS9zIwU0cBVdJijrw1v1efU0EZaXovhEspI2jN885GThlilsnIJKf5wMimNg_uCyt1lV05B8QJ3ekQFC9Hho4KVolXkpzdMao3re2Sz7ZQDLYYdAjs_akc6lmaCafA6LnEk7OB6aVEMFGRXxYMXDe7_1I2OLBA0geLamYbdb8FEqjyFz_1m3J6pNL72yk277z4_6SNJxPJunYVQFngvpUweYpTLu5olHSHTWjq4nOZWBuOW3QU.AX45d69NbKEaNwW9zeGivhcwd3r5AdZmSZb8Cj0JAgM&dib_tag=se&keywords=flea+and+tick+home+spray&qid=1757879759&sr=8-19,fl oz,22.0,22.0,13.412727272727272
9/14/2025,Pets,Pets,P4-Flea and tick home spray,Bug repellent,"SimpleSource® Flea & Tick Home & Pet Spray, Powered by Plants, Kills Fleas, Flea Eggs, Flea Larvae, & Ticks, Kills & Repels Mosquitos, 32oz Bottle",207.37,SimpleSource,amazon,https://www.amazon.sa/-/en/SimpleSource%C2%AE-Powered-Plants-Larvae-Mosquitos/dp/B0BS4L2N9H/ref=sr_1_26?dib=eyJ2IjoiMSJ9.y0r5UXAdtEMKvAvM_tk3V-uOmKxQ89HTWPCOfkfKbMrbMSAJ8zQqVCA_JAS9zIwU0cBVdJijrw1v1efU0EZaXovhEspI2jN885GThlilsnIJKf5wMimNg_uCyt1lV05B8QJ3ekQFC9Hho4KVolXkpzdMao3re2Sz7ZQDLYYdAjs_akc6lmaCafA6LnEk7OB6aVEMFGRXxYMXDe7_1I2OLBA0geLamYbdb8FEqjyFz_1m3J6pNL72yk277z4_6SNJxPJunYVQFngvpUweYpTLu5olHSHTWjq4nOZWBuOW3QU.AX45d69NbKEaNwW9zeGivhcwd3r5AdZmSZb8Cj0JAgM&dib_tag=se&keywords=flea+and+tick+home+spray&qid=1757879759&sr=8-26,fl oz,32.0,32.0,6.4803125
9/14/2025,Pets,Pets,P4-Flea and tick home spray,Bug repellent,Vet's Best Flea and Tick Home Spray for Cats - Flea Treatment for Cats and Home - Plant-Based Formula - Certified Natural Oils - 14 oz,300.0,Vet's Best,amazon,https://www.amazon.sa/-/en/Vets-Best-Flea-Tick-Spray/dp/B084PB3929/ref=sr_1_34?dib=eyJ2IjoiMSJ9.y0r5UXAdtEMKvAvM_tk3V-uOmKxQ89HTWPCOfkfKbMrbMSAJ8zQqVCA_JAS9zIwU0cBVdJijrw1v1efU0EZaXovhEspI2jN885GThlilsnIJKf5wMimNg_uCyt1lV05B8QJ3ekQFC9Hho4KVolXkpzdMao3re2Sz7ZQDLYYdAjs_akc6lmaCafA6LnEk7OB6aVEMFGRXxYMXDe7_1I2OLBA0geLamYbdb8FEqjyFz_1m3J6pNL72yk277z4_6SNJxPJunYVQFngvpUweYpTLu5olHSHTWjq4nOZWBuOW3QU.AX45d69NbKEaNwW9zeGivhcwd3r5AdZmSZb8Cj0JAgM&dib_tag=se&keywords=flea+and+tick+home+spray&qid=1757879759&sr=8-34,fl oz,14.0,14.0,21.428571428571427
9/14/2025,Pets,Pets,P4-Flea and tick home spray,Bug repellent,"PETARMOR Home Household Spray for Fleas and Ticks, 24 Ounce",150.59,PetArmor,amazon,https://www.amazon.sa/-/en/PETARMOR-Household-Spray-Fleas-Ticks/dp/B0126F5V6Y/ref=sr_1_35?dib=eyJ2IjoiMSJ9.y0r5UXAdtEMKvAvM_tk3V-uOmKxQ89HTWPCOfkfKbMrbMSAJ8zQqVCA_JAS9zIwU0cBVdJijrw1v1efU0EZaXovhEspI2jN885GThlilsnIJKf5wMimNg_uCyt1lV05B8QJ3ekQFC9Hho4KVolXkpzdMao3re2Sz7ZQDLYYdAjs_akc6lmaCafA6LnEk7OB6aVEMFGRXxYMXDe7_1I2OLBA0geLamYbdb8FEqjyFz_1m3J6pNL72yk277z4_6SNJxPJunYVQFngvpUweYpTLu5olHSHTWjq4nOZWBuOW3QU.AX45d69NbKEaNwW9zeGivhcwd3r5AdZmSZb8Cj0JAgM&dib_tag=se&keywords=flea+and+tick+home+spray&qid=1757879759&sr=8-35,fl oz,24.0,24.0,6.274583333333333
9/14/2025,Pets,Pets,P4-Flea and tick home spray,Bug repellent,Advantage Carpet & Upholstery Spot Spray | Kills Fleas & Ticks & Bedbugs | 16 oz.,190.0,Advantage,amazon,https://www.amazon.sa/-/en/Advantage-Carpet-Upholstery-Spray-Bedbugs/dp/B00IZ9Z486/ref=sr_1_38?dib=eyJ2IjoiMSJ9.y0r5UXAdtEMKvAvM_tk3V-uOmKxQ89HTWPCOfkfKbMrbMSAJ8zQqVCA_JAS9zIwU0cBVdJijrw1v1efU0EZaXovhEspI2jN885GThlilsnIJKf5wMimNg_uCyt1lV05B8QJ3ekQFC9Hho4KVolXkpzdMao3re2Sz7ZQDLYYdAjs_akc6lmaCafA6LnEk7OB6aVEMFGRXxYMXDe7_1I2OLBA0geLamYbdb8FEqjyFz_1m3J6pNL72yk277z4_6SNJxPJunYVQFngvpUweYpTLu5olHSHTWjq4nOZWBuOW3QU.AX45d69NbKEaNwW9zeGivhcwd3r5AdZmSZb8Cj0JAgM&dib_tag=se&keywords=flea+and+tick+home+spray&qid=1757879759&sr=8-38,fl oz,256.0,256.0,0.7421875
9/14/2025,Pets,Pets,P4-Flea and tick home spray,Bug repellent,Tropiclean Natural Flea & Tick Spray For Dogs & Bedding,146.0,TropiClean,amazon,https://www.amazon.sa/-/en/Tropiclean-Natural-Flea-Spray-Bedding/dp/B01DS73GTI/ref=sr_1_45?dib=eyJ2IjoiMSJ9.y0r5UXAdtEMKvAvM_tk3V-uOmKxQ89HTWPCOfkfKbMrbMSAJ8zQqVCA_JAS9zIwU0cBVdJijrw1v1efU0EZaXovhEspI2jN885GThlilsnIJKf5wMimNg_uCyt1lV05B8QJ3ekQFC9Hho4KVolXkpzdMao3re2Sz7ZQDLYYdAjs_akc6lmaCafA6LnEk7OB6aVEMFGRXxYMXDe7_1I2OLBA0geLamYbdb8FEqjyFz_1m3J6pNL72yk277z4_6SNJxPJunYVQFngvpUweYpTLu5olHSHTWjq4nOZWBuOW3QU.AX45d69NbKEaNwW9zeGivhcwd3r5AdZmSZb8Cj0JAgM&dib_tag=se&keywords=flea+and+tick+home+spray&qid=1757879759&sr=8-45,fl oz,16.0,16.0,9.125
9/14/2025,Pets,Pets,P4-Flea and tick home spray,Bug repellent,"Spritz - Flea, Tick and Mosquito Spray for Dogs, Cats, and Home - Control, Prevention, Treatment - Natural Plant Based - Made in USA -Safe & Effective 16 oz",151.14,Spritz,amazon,https://www.amazon.sa/-/en/Spritz-Mosquito-Prevention-Treatment-Effective/dp/B0B89Z38B4/ref=sr_1_46?dib=eyJ2IjoiMSJ9.y0r5UXAdtEMKvAvM_tk3V-uOmKxQ89HTWPCOfkfKbMrbMSAJ8zQqVCA_JAS9zIwU0cBVdJijrw1v1efU0EZaXovhEspI2jN885GThlilsnIJKf5wMimNg_uCyt1lV05B8QJ3ekQFC9Hho4KVolXkpzdMao3re2Sz7ZQDLYYdAjs_akc6lmaCafA6LnEk7OB6aVEMFGRXxYMXDe7_1I2OLBA0geLamYbdb8FEqjyFz_1m3J6pNL72yk277z4_6SNJxPJunYVQFngvpUweYpTLu5olHSHTWjq4nOZWBuOW3QU.AX45d69NbKEaNwW9zeGivhcwd3r5AdZmSZb8Cj0JAgM&dib_tag=se&keywords=flea+and+tick+home+spray&qid=1757879759&sr=8-46,fl oz,16.0,16.0,9.44625
9/14/2025,Pets,Pets,P4-Flea and tick home spray,Bug repellent,"Wondercide - Flea, Tick & Mosquito Spray for Dogs, Cats, and Home - Flea and Tick Killer, Control, Prevention, Treatment - with Natural Essential Oils - Pet and Family Safe - Cedarwood 32 oz",342.44,Wondercide,amazon,https://www.amazon.sa/-/en/Wondercide-Prevention-Treatment-Essential-Cedarwood/dp/B01MF595UM/ref=sr_1_47?dib=eyJ2IjoiMSJ9.y0r5UXAdtEMKvAvM_tk3V-uOmKxQ89HTWPCOfkfKbMrbMSAJ8zQqVCA_JAS9zIwU0cBVdJijrw1v1efU0EZaXovhEspI2jN885GThlilsnIJKf5wMimNg_uCyt1lV05B8QJ3ekQFC9Hho4KVolXkpzdMao3re2Sz7ZQDLYYdAjs_akc6lmaCafA6LnEk7OB6aVEMFGRXxYMXDe7_1I2OLBA0geLamYbdb8FEqjyFz_1m3J6pNL72yk277z4_6SNJxPJunYVQFngvpUweYpTLu5olHSHTWjq4nOZWBuOW3QU.AX45d69NbKEaNwW9zeGivhcwd3r5AdZmSZb8Cj0JAgM&dib_tag=se&keywords=flea+and+tick+home+spray&qid=1757879759&sr=8-47,fl oz,32.0,32.0,10.70125
9/14/2025,Pets,Pets,P4-Flea and tick home spray,Bug repellent,SentryHome Home & Carpet Flea & Tick Spray (24 oz),44.99,Sentry,amazon,https://www.amazon.sa/-/en/SentryHome-Home-Carpet-Flea-Spray/dp/B007ZPX6F4/ref=sr_1_52?dib=eyJ2IjoiMSJ9.y0r5UXAdtEMKvAvM_tk3V-uOmKxQ89HTWPCOfkfKbMrbMSAJ8zQqVCA_JAS9zIwU0cBVdJijrw1v1efU0EZaXovhEspI2jN885GThlilsnIJKf5wMimNg_uCyt1lV05B8QJ3ekQFC9Hho4KVolXkpzdMao3re2Sz7ZQDLYYdAjs_akc6lmaCafA6LnEk7OB6aVEMFGRXxYMXDe7_1I2OLBA0geLamYbdb8FEqjyFz_1m3J6pNL72yk277z4_6SNJxPJunYVQFngvpUweYpTLu5olHSHTWjq4nOZWBuOW3QU.AX45d69NbKEaNwW9zeGivhcwd3r5AdZmSZb8Cj0JAgM&dib_tag=se&keywords=flea+and+tick+home+spray&qid=1757879759&sr=8-52,fl oz,24.0,24.0,1.8745833333333333
9/14/2025,Pets,Pets,P5-Antiseptic spray for pets,Disinfectant and cleaner,"Zoflora Multi-Purpose Disinfectant Spray, Antibacterial Spray for All Surfaces, Pet-Friendly, 800ml, Mountain Air",24.67,Zoflora,amazon,https://www.amazon.sa/-/en/Zoflora-Multi-Purpose-Disinfectant-Antibacterial-Pet-Friendly/dp/B07SD4JJL5/ref=sr_1_9?dib=eyJ2IjoiMSJ9.1Ih0O8-qmNWXItx4Wm0dRlP0aaPR4CzbljF9gFbqJfqUWSyvalwOqcHSDMg94l-7AAKdUT-taDUaehjopgOS5oZ2QrDhqszBDfMZqyylT6QmKCOrkXgaDOo_N0FyHOysQpYKrCeU0rTd60dJnPzn5zDRp6Ie3CLxoJnque5S9CrFk1QY9Y1PYI-vhCHgyYvQRAPaNAybn4uFryAXeSEtX2OK4YTA2kQX9y-IEAE8WrcldL5w3TD50Su7ZNhboDCFXdjWeaIegerj-MdLYR_CCbuvRvC4eFczNp5uZDZwJzo.fo__J7P946XaUTLa1N8sSmyeTRlbVHnZSUuJo-JRpFM&dib_tag=se&keywords=antiseptic+spray+for+pets&qid=1757880033&sr=8-9,ml,800.0,0.8,30.8375
9/14/2025,Pets,Pets,P5-Antiseptic spray for pets,Disinfectant and cleaner,"Sterilasafe Committed to a healthy life Pure HP Food Grade, Hydrogen Peroxide 3%, H2O2, Natural Cleaner, NO chemical, First Aid Antiseptic Spray, 250 ML",36.0,sterilasafe,amazon,https://www.amazon.sa/-/en/Sterilasafe-Committed-Hydrogen-Peroxide-Antiseptic/dp/B0D2ZN65H5/ref=sr_1_17?dib=eyJ2IjoiMSJ9.1Ih0O8-qmNWXItx4Wm0dRlP0aaPR4CzbljF9gFbqJfqUWSyvalwOqcHSDMg94l-7AAKdUT-taDUaehjopgOS5oZ2QrDhqszBDfMZqyylT6QmKCOrkXgaDOo_N0FyHOysQpYKrCeU0rTd60dJnPzn5zDRp6Ie3CLxoJnque5S9CrFk1QY9Y1PYI-vhCHgyYvQRAPaNAybn4uFryAXeSEtX2OK4YTA2kQX9y-IEAE8WrcldL5w3TD50Su7ZNhboDCFXdjWeaIegerj-MdLYR_CCbuvRvC4eFczNp5uZDZwJzo.fo__J7P946XaUTLa1N8sSmyeTRlbVHnZSUuJo-JRpFM&dib_tag=se&keywords=antiseptic+spray+for+pets&qid=1757880033&sr=8-17,ml,250.0,0.25,144.0
9/14/2025,Pets,Pets,P5-Antiseptic spray for pets,Disinfectant and cleaner,"Silver Pet Wound Spray | Dog Wound Spray | Cat Wound Spray | Horse & Chicken Wound Spray + Chlorhexidine | Cat & Dog Itch Spray | Wound Spray for Cats | Wound Spray for Dogs, Cats, Horses | 4 oz",100.0,Company not found,amazon,https://www.amazon.sa/-/en/Silver-Wound-Chicken-Chlorhexidine-Horses/dp/B0D49PR4L3/ref=sr_1_18?dib=eyJ2IjoiMSJ9.1Ih0O8-qmNWXItx4Wm0dRlP0aaPR4CzbljF9gFbqJfqUWSyvalwOqcHSDMg94l-7AAKdUT-taDUaehjopgOS5oZ2QrDhqszBDfMZqyylT6QmKCOrkXgaDOo_N0FyHOysQpYKrCeU0rTd60dJnPzn5zDRp6Ie3CLxoJnque5S9CrFk1QY9Y1PYI-vhCHgyYvQRAPaNAybn4uFryAXeSEtX2OK4YTA2kQX9y-IEAE8WrcldL5w3TD50Su7ZNhboDCFXdjWeaIegerj-MdLYR_CCbuvRvC4eFczNp5uZDZwJzo.fo__J7P946XaUTLa1N8sSmyeTRlbVHnZSUuJo-JRpFM&dib_tag=se&keywords=antiseptic+spray+for+pets&qid=1757880033&sr=8-18,fl oz,4.0,4.0,25.0
9/14/2025,Pets,Pets,P5-Antiseptic spray for pets,Disinfectant and cleaner,"Healthy Paw Life Classic's Sulfur Spray Pet Care for Dry and Itchy Skin - Spotcare and Safe Solution for Dog, Cat, Puppy, Kitten, Horse (8 oz)",79.0,Healthy Paw Life,amazon,https://www.amazon.sa/-/en/Healthy-Paw-Life-Classics-Sulfur/dp/B088DSTRCC/ref=sr_1_41?dib=eyJ2IjoiMSJ9.1Ih0O8-qmNWXItx4Wm0dRlP0aaPR4CzbljF9gFbqJfqUWSyvalwOqcHSDMg94l-7AAKdUT-taDUaehjopgOS5oZ2QrDhqszBDfMZqyylT6QmKCOrkXgaDOo_N0FyHOysQpYKrCeU0rTd60dJnPzn5zDRp6Ie3CLxoJnque5S9CrFk1QY9Y1PYI-vhCHgyYvQRAPaNAybn4uFryAXeSEtX2OK4YTA2kQX9y-IEAE8WrcldL5w3TD50Su7ZNhboDCFXdjWeaIegerj-MdLYR_CCbuvRvC4eFczNp5uZDZwJzo.fo__J7P946XaUTLa1N8sSmyeTRlbVHnZSUuJo-JRpFM&dib_tag=se&keywords=antiseptic+spray+for+pets&qid=1757880033&sr=8-41,fl oz,8.0,8.0,9.875
9/14/2025,Pets,Pets,P5-Antiseptic spray for pets,Disinfectant and cleaner,"Classic's Lime Sulfur Dip Spray - Pet Care for Dry and Itchy Skin - Spotcare and Safe Solution for Dog, Cat, Puppy, Kitten, Horse (4 oz)",150.0,Classic's Lime Sulfur Dip,amazon,https://www.amazon.sa/-/en/Classics-Lime-Sulfur-Dip-Spray/dp/B085MV5M5D/ref=sr_1_50?dib=eyJ2IjoiMSJ9.1Ih0O8-qmNWXItx4Wm0dRlP0aaPR4CzbljF9gFbqJfqUWSyvalwOqcHSDMg94l-7AAKdUT-taDUaehjopgOS5oZ2QrDhqszBDfMZqyylT6QmKCOrkXgaDOo_N0FyHOysQpYKrCeU0rTd60dJnPzn5zDRp6Ie3CLxoJnque5S9CrFk1QY9Y1PYI-vhCHgyYvQRAPaNAybn4uFryAXeSEtX2OK4YTA2kQX9y-IEAE8WrcldL5w3TD50Su7ZNhboDCFXdjWeaIegerj-MdLYR_CCbuvRvC4eFczNp5uZDZwJzo.fo__J7P946XaUTLa1N8sSmyeTRlbVHnZSUuJo-JRpFM&dib_tag=se&keywords=antiseptic+spray+for+pets&qid=1757880033&sr=8-50,fl oz,4.0,4.0,37.5
9/14/2025,Pets,Pets,P5-Pet-safe wound washes,Disinfectant and cleaner,"Silver Pet Wound Spray | Dog Wound Spray | Cat Wound Spray | Horse & Chicken Wound Spray + Chlorhexidine | Cat & Dog Itch Spray | Wound Spray for Cats | Wound Spray for Dogs, Cats, Horses | 4 oz",100.0,Company not found,amazon,https://www.amazon.sa/-/en/Silver-Wound-Chicken-Chlorhexidine-Horses/dp/B0D49PR4L3/ref=sr_1_10?dib=eyJ2IjoiMSJ9.HWdjUo6eI5qBcB6VhP6xQL9RuFpgcOVav0ISDnVk2N5nEK3DnWCDQNEDvgTXI2FDgZQFPGYSzQsuQheifd-YooqaDyMkgP6-GFNfAqooj9TMEs7RnSFK45W3ntYHLEkcglAUkVvjMKgrPN3-NcFYNStZKnjMYjHnJfxmP6t-DrjxSg0uuln3Z7CLaipLyi-8Y6eKGkU3_nyFXUBz5XL6Deb6a_BkkQbf0WUdi4O1h7CZ944hRDKutT6IhkCoZBnWFtJ4JkXJW8o_IZd7KJ7yWzXLcajTHePJ47oM5bXjx4o.IGp5C1wuxKyyCd2YfvC8LSKlTaP3NoHsgmA-XYANsZY&dib_tag=se&keywords=pet-safe+wound+washes&qid=1757880249&sr=8-10,fl oz,4.0,4.0,25.0
9/14/2025,Pets,Pets,P5-Pet-safe wound washes,Disinfectant and cleaner,Manna Pro MicrocynAH Wound and Skin Care Hydrogel for Dogs | Non-Toxic Spray Formulated to Clean Wounds | Veterinarian Recommeneded Non-Toxic Formula | 8oz,178.0,Company not found,amazon,https://www.amazon.sa/-/en/MicrocynAH-Non-Toxic-Formulated-Veterinarian-Recommeneded/dp/B01N0BKN7E/ref=sr_1_33?dib=eyJ2IjoiMSJ9.HWdjUo6eI5qBcB6VhP6xQL9RuFpgcOVav0ISDnVk2N5nEK3DnWCDQNEDvgTXI2FDgZQFPGYSzQsuQheifd-YooqaDyMkgP6-GFNfAqooj9TMEs7RnSFK45W3ntYHLEkcglAUkVvjMKgrPN3-NcFYNStZKnjMYjHnJfxmP6t-DrjxSg0uuln3Z7CLaipLyi-8Y6eKGkU3_nyFXUBz5XL6Deb6a_BkkQbf0WUdi4O1h7CZ944hRDKutT6IhkCoZBnWFtJ4JkXJW8o_IZd7KJ7yWzXLcajTHePJ47oM5bXjx4o.IGp5C1wuxKyyCd2YfvC8LSKlTaP3NoHsgmA-XYANsZY&dib_tag=se&keywords=pet-safe+wound+washes&qid=1757880249&sr=8-33,fl oz,8.0,8.0,22.25
9/14/2025,Pets,Pets,P6-Pet-safe disinfectant and cleaner,Disinfectant and cleaner,"Zoflora Multi-Purpose Disinfectant Spray, Antibacterial Spray for All Surfaces, Pet-Friendly, 800ml, Mountain Air",24.67,Zoflora,amazon,https://www.amazon.sa/-/en/Zoflora-Multi-Purpose-Disinfectant-Antibacterial-Pet-Friendly/dp/B07SD4JJL5/ref=sr_1_1?dib=eyJ2IjoiMSJ9.YUhMkGUsmVYDzQnTmqFprEq3PD-w-JtANDJWBFlTdw6H1n11liL0ZI4eQSv5APS8XipVjUgvW-0BbQyBcDjPURPtigMXr52TWwOPiQzf7Wb7Wv1El-pZ9me9rvHjo3XK580owkxnuvxyMqdLwFURucVjlmpjWjT7ealGfKg_O45SG_AhLn8Gg_oQiLIAsaYk3eJBLlr6_TkhUD_dY_vSioPrZKdrpKc7McNHY08xdc9tDSVYIXn3FeqWcN-Kj71kX8SnZiLREfpm5jQMOPmP2KDjfc_H2BUoU8bHZT4t2WA.RyySj-ZGM9EnRYebntAXGaawCUgnygf6o7qB1o1DEko&dib_tag=se&keywords=pet-safe+disinfectant+and+cleaner&qid=1757880440&sr=8-1,ml,800.0,0.8,30.8375
9/14/2025,Pets,Pets,P6-Pet-safe disinfectant and cleaner,Disinfectant and cleaner,"PetSafe Wee Care Pet Loo Enzyme Cleaner 100% Biodegradable Chemical Free Erases Stains and Odors, PAC00-14492, 16-Ounce,Clear",75.85,PetSafe,amazon,https://www.amazon.sa/-/en/PetSafe-Biodegradable-Chemical-PAC00-14492-16-Ounce/dp/B002RL9E5C/ref=sr_1_2?dib=eyJ2IjoiMSJ9.YUhMkGUsmVYDzQnTmqFprEq3PD-w-JtANDJWBFlTdw6H1n11liL0ZI4eQSv5APS8XipVjUgvW-0BbQyBcDjPURPtigMXr52TWwOPiQzf7Wb7Wv1El-pZ9me9rvHjo3XK580owkxnuvxyMqdLwFURucVjlmpjWjT7ealGfKg_O45SG_AhLn8Gg_oQiLIAsaYk3eJBLlr6_TkhUD_dY_vSioPrZKdrpKc7McNHY08xdc9tDSVYIXn3FeqWcN-Kj71kX8SnZiLREfpm5jQMOPmP2KDjfc_H2BUoU8bHZT4t2WA.RyySj-ZGM9EnRYebntAXGaawCUgnygf6o7qB1o1DEko&dib_tag=se&keywords=pet-safe+disinfectant+and+cleaner&qid=1757880440&sr=8-2,fl oz,16.0,16.0,4.740625
9/14/2025,Pets,Pets,P6-Pet-safe disinfectant and cleaner,Disinfectant and cleaner,"Zoflora Multi-Purpose Concentrated Disinfectant, Antibacterial, Long Lasting Effect, Pet-Friendly, 500ml, Mountain Air",24.67,Zoflora,amazon,https://www.amazon.sa/-/en/Zoflora-Multi-Purpose-Concentrated-Disinfectant-Antibacterial/dp/B07S6MXRY7/ref=sr_1_4?dib=eyJ2IjoiMSJ9.YUhMkGUsmVYDzQnTmqFprEq3PD-w-JtANDJWBFlTdw6H1n11liL0ZI4eQSv5APS8XipVjUgvW-0BbQyBcDjPURPtigMXr52TWwOPiQzf7Wb7Wv1El-pZ9me9rvHjo3XK580owkxnuvxyMqdLwFURucVjlmpjWjT7ealGfKg_O45SG_AhLn8Gg_oQiLIAsaYk3eJBLlr6_TkhUD_dY_vSioPrZKdrpKc7McNHY08xdc9tDSVYIXn3FeqWcN-Kj71kX8SnZiLREfpm5jQMOPmP2KDjfc_H2BUoU8bHZT4t2WA.RyySj-ZGM9EnRYebntAXGaawCUgnygf6o7qB1o1DEko&dib_tag=se&keywords=pet-safe+disinfectant+and+cleaner&qid=1757880440&sr=8-4,ml,500.0,0.5,49.34
9/14/2025,Pets,Pets,P6-Pet-safe disinfectant and cleaner,Disinfectant and cleaner,Simple Solution Urine Destroyer Enzymatic Cleaner | Pet Stain and Odor Remover with 2X Pro-bacteria Cleaning Power | 32 Ounces,95.05,Simple Solution,amazon,https://www.amazon.sa/-/en/Simple-Solution-Destroyer-Enzymatic-Pro-bacteria/dp/B00WJQMO3E/ref=sr_1_6?dib=eyJ2IjoiMSJ9.YUhMkGUsmVYDzQnTmqFprEq3PD-w-JtANDJWBFlTdw6H1n11liL0ZI4eQSv5APS8XipVjUgvW-0BbQyBcDjPURPtigMXr52TWwOPiQzf7Wb7Wv1El-pZ9me9rvHjo3XK580owkxnuvxyMqdLwFURucVjlmpjWjT7ealGfKg_O45SG_AhLn8Gg_oQiLIAsaYk3eJBLlr6_TkhUD_dY_vSioPrZKdrpKc7McNHY08xdc9tDSVYIXn3FeqWcN-Kj71kX8SnZiLREfpm5jQMOPmP2KDjfc_H2BUoU8bHZT4t2WA.RyySj-ZGM9EnRYebntAXGaawCUgnygf6o7qB1o1DEko&dib_tag=se&keywords=pet-safe+disinfectant+and+cleaner&qid=1757880440&sr=8-6,L,5.0,5.0,19.01
9/14/2025,Pets,Pets,P6-Pet-safe disinfectant and cleaner,Disinfectant and cleaner,"Happi Planet | Eco-Friendly Disinfectant Floor Cleaner | 1000ml | Plant Based, Biodegradable, Non Toxic, Natural, Organic, Herbal | Kills 99.9% Germs & Bacteria, Baby & Pet Safe",97.73,Happi Planet,amazon,https://www.amazon.sa/-/en/Happi-Planet-Eco-Friendly-Disinfectant-Biodegradable/dp/B0B4432G7F/ref=sr_1_7?dib=eyJ2IjoiMSJ9.YUhMkGUsmVYDzQnTmqFprEq3PD-w-JtANDJWBFlTdw6H1n11liL0ZI4eQSv5APS8XipVjUgvW-0BbQyBcDjPURPtigMXr52TWwOPiQzf7Wb7Wv1El-pZ9me9rvHjo3XK580owkxnuvxyMqdLwFURucVjlmpjWjT7ealGfKg_O45SG_AhLn8Gg_oQiLIAsaYk3eJBLlr6_TkhUD_dY_vSioPrZKdrpKc7McNHY08xdc9tDSVYIXn3FeqWcN-Kj71kX8SnZiLREfpm5jQMOPmP2KDjfc_H2BUoU8bHZT4t2WA.RyySj-ZGM9EnRYebntAXGaawCUgnygf6o7qB1o1DEko&dib_tag=se&keywords=pet-safe+disinfectant+and+cleaner&qid=1757880440&sr=8-7,ml,1000.0,1.0,97.73
9/14/2025,Pets,Pets,P6-Pet-safe disinfectant and cleaner,Disinfectant and cleaner,"Bioneat Organic All Purpose Clean and Disinfect - 100% Natural, Non-Toxic - Antivirus, Biodegradable and Safe - 750 ml",60.85,Bioneat,amazon,https://www.amazon.sa/-/en/Bioneat-Organic-Purpose-Clean-Disinfect/dp/B0BS9BFJZV/ref=sr_1_10?dib=eyJ2IjoiMSJ9.YUhMkGUsmVYDzQnTmqFprEq3PD-w-JtANDJWBFlTdw6H1n11liL0ZI4eQSv5APS8XipVjUgvW-0BbQyBcDjPURPtigMXr52TWwOPiQzf7Wb7Wv1El-pZ9me9rvHjo3XK580owkxnuvxyMqdLwFURucVjlmpjWjT7ealGfKg_O45SG_AhLn8Gg_oQiLIAsaYk3eJBLlr6_TkhUD_dY_vSioPrZKdrpKc7McNHY08xdc9tDSVYIXn3FeqWcN-Kj71kX8SnZiLREfpm5jQMOPmP2KDjfc_H2BUoU8bHZT4t2WA.RyySj-ZGM9EnRYebntAXGaawCUgnygf6o7qB1o1DEko&dib_tag=se&keywords=pet-safe+disinfectant+and+cleaner&qid=1757880440&sr=8-10,ml,750.0,0.75,81.13333333333334
9/14/2025,Pets,Pets,P6-Pet-safe disinfectant and cleaner,Disinfectant and cleaner,"Simple Solution Extreme Pet Stain and Odor Eliminator Spray for Dogs & Cats, Enzyme Cleaner With 3X Pro-Bacteria Cleaning Power, Strong Smell Remover for Carpets, Upholstery & Floors, 32 oz and Gallon",54.46,Simple Solution,amazon,https://www.amazon.sa/-/en/Simple-Solution-Eliminator-Pro-Bacteria-Upholstery/dp/B0DFHNT33P/ref=sr_1_13?dib=eyJ2IjoiMSJ9.YUhMkGUsmVYDzQnTmqFprEq3PD-w-JtANDJWBFlTdw6H1n11liL0ZI4eQSv5APS8XipVjUgvW-0BbQyBcDjPURPtigMXr52TWwOPiQzf7Wb7Wv1El-pZ9me9rvHjo3XK580owkxnuvxyMqdLwFURucVjlmpjWjT7ealGfKg_O45SG_AhLn8Gg_oQiLIAsaYk3eJBLlr6_TkhUD_dY_vSioPrZKdrpKc7McNHY08xdc9tDSVYIXn3FeqWcN-Kj71kX8SnZiLREfpm5jQMOPmP2KDjfc_H2BUoU8bHZT4t2WA.RyySj-ZGM9EnRYebntAXGaawCUgnygf6o7qB1o1DEko&dib_tag=se&keywords=pet-safe+disinfectant+and+cleaner&qid=1757880440&sr=8-13,fl oz,160.0,160.0,0.340375
9/14/2025,Pets,Pets,P6-Pet-safe disinfectant and cleaner,Disinfectant and cleaner,"Mobi Disinfectant Cleaner Lavender, 3 Litre- Pack Of 1",14.99,MOBI,amazon,https://www.amazon.sa/-/en/Mobi-Disinfectant-Cleaner-Lavender-Litre/dp/B07MK69ZP2/ref=sr_1_43?dib=eyJ2IjoiMSJ9.YUhMkGUsmVYDzQnTmqFprEq3PD-w-JtANDJWBFlTdw6H1n11liL0ZI4eQSv5APS8XipVjUgvW-0BbQyBcDjPURPtigMXr52TWwOPiQzf7Wb7Wv1El-pZ9me9rvHjo3XK580owkxnuvxyMqdLwFURucVjlmpjWjT7ealGfKg_O45SG_AhLn8Gg_oQiLIAsaYk3eJBLlr6_TkhUD_dY_vSioPrZKdrpKc7McNHY08xdc9tDSVYIXn3FeqWcN-Kj71kX8SnZiLREfpm5jQMOPmP2KDjfc_H2BUoU8bHZT4t2WA.RyySj-ZGM9EnRYebntAXGaawCUgnygf6o7qB1o1DEko&dib_tag=se&keywords=pet-safe+disinfectant+and+cleaner&qid=1757880440&sr=8-43,L,3.0,3.0,4.996666666666667
9/14/2025,Pets,Pets,P6-Cage and habitat cleaner,Disinfectant and cleaner,"Simple Solution Cage & Hutch Cleaner, 500 ml",40.93,Simple Solution,amazon,https://www.amazon.sa/-/en/Simple-Solution-Cage-Hutch-Cleaner/dp/B01LXFEQHS/ref=sr_1_1?dib=eyJ2IjoiMSJ9.-k1DlU3anLVtPJjUZ4Uw3qsW6tnJRy_5V5UhEEGEZq8KP2GkuzxiZZhqcSTRLBCB3zUhuIwOxWkoZMK189JfUY0cTrIm0MmfbluYfxnUyHb4y-pxB_HH5-4Uhgc58gvyMGSSSQVLFpO-U9He97xH_9UXWvl39BYa6sOgWorn4KZ_zKZ1zFlysSaE71rlvJ9DtP5BIRt2kcw8CJ23R0cVHdtFpUbb7QCxW5HMPsGLttDSYwZT5NqOIsJI5KL1LUJJprzTqvEmpqNCp4p6BHjoFeOo-FKC9e7fKBmAhmdixik.Tj9Wcj79_mUswuQ3_aTafnwKH4GsUNaEu2HSIVwe7B8&dib_tag=se&keywords=cage+and+habitat+cleaner&qid=1757880753&sr=8-1,ml,500.0,0.5,81.86
9/14/2025,Pets,Pets,P6-Cage and habitat cleaner,Disinfectant and cleaner,"Bioline Cage Clean Spray 500ml,For Small Animals Cages Like Bird,Hamster,Mice,Rabbit",23.9,Company not found,amazon,https://www.amazon.sa/-/en/Bioline-Clean-Animals-Hamster-Rabbit/dp/B07N6JBSNL/ref=sr_1_9?dib=eyJ2IjoiMSJ9.-k1DlU3anLVtPJjUZ4Uw3qsW6tnJRy_5V5UhEEGEZq8KP2GkuzxiZZhqcSTRLBCB3zUhuIwOxWkoZMK189JfUY0cTrIm0MmfbluYfxnUyHb4y-pxB_HH5-4Uhgc58gvyMGSSSQVLFpO-U9He97xH_9UXWvl39BYa6sOgWorn4KZ_zKZ1zFlysSaE71rlvJ9DtP5BIRt2kcw8CJ23R0cVHdtFpUbb7QCxW5HMPsGLttDSYwZT5NqOIsJI5KL1LUJJprzTqvEmpqNCp4p6BHjoFeOo-FKC9e7fKBmAhmdixik.Tj9Wcj79_mUswuQ3_aTafnwKH4GsUNaEu2HSIVwe7B8&dib_tag=se&keywords=cage+and+habitat+cleaner&qid=1757880753&sr=8-9,ml,500.0,0.5,47.8
9/14/2025,Pets,Pets,P6-Cage and habitat cleaner,Disinfectant and cleaner,Pet N' Lovely Cage Cleaner | Easily Removes Pet Debris | For All Pets | Freshly Scented | Easy to Use | Refreshing Lemon | 32 Fl. Oz.,94.84,Pet N' Lovely,amazon,https://www.amazon.sa/-/en/Pet-Lovely-Cleaner-Removes-Refreshing/dp/B0D5FD2WZK/ref=sr_1_18?dib=eyJ2IjoiMSJ9.-k1DlU3anLVtPJjUZ4Uw3qsW6tnJRy_5V5UhEEGEZq8KP2GkuzxiZZhqcSTRLBCB3zUhuIwOxWkoZMK189JfUY0cTrIm0MmfbluYfxnUyHb4y-pxB_HH5-4Uhgc58gvyMGSSSQVLFpO-U9He97xH_9UXWvl39BYa6sOgWorn4KZ_zKZ1zFlysSaE71rlvJ9DtP5BIRt2kcw8CJ23R0cVHdtFpUbb7QCxW5HMPsGLttDSYwZT5NqOIsJI5KL1LUJJprzTqvEmpqNCp4p6BHjoFeOo-FKC9e7fKBmAhmdixik.Tj9Wcj79_mUswuQ3_aTafnwKH4GsUNaEu2HSIVwe7B8&dib_tag=se&keywords=cage+and+habitat+cleaner&qid=1757880753&sr=8-18,fl oz,32.0,32.0,2.96375
9/14/2025,Pets,Pets,P6-Cage and habitat cleaner,Disinfectant and cleaner,"Nature's Miracle Cage Cleaner For Birds 24 Ounces, Gentle Formula",623.09,Nature's Miracle,amazon,https://www.amazon.sa/-/en/Natures-Miracle-Cleaner-Ounces-Formula/dp/B009GOBK2I/ref=sr_1_40?dib=eyJ2IjoiMSJ9.-k1DlU3anLVtPJjUZ4Uw3qsW6tnJRy_5V5UhEEGEZq8KP2GkuzxiZZhqcSTRLBCB3zUhuIwOxWkoZMK189JfUY0cTrIm0MmfbluYfxnUyHb4y-pxB_HH5-4Uhgc58gvyMGSSSQVLFpO-U9He97xH_9UXWvl39BYa6sOgWorn4KZ_zKZ1zFlysSaE71rlvJ9DtP5BIRt2kcw8CJ23R0cVHdtFpUbb7QCxW5HMPsGLttDSYwZT5NqOIsJI5KL1LUJJprzTqvEmpqNCp4p6BHjoFeOo-FKC9e7fKBmAhmdixik.Tj9Wcj79_mUswuQ3_aTafnwKH4GsUNaEu2HSIVwe7B8&dib_tag=se&keywords=cage+and+habitat+cleaner&qid=1757880753&sr=8-40,fl oz,24.0,24.0,25.962083333333336
9/14/2025,Aviation,Aviation,A1-Leather cleaner,Leather and vinyl cleaner,Deep Cleaner for Leather - 946 ml spray bottle,118.49,AeroSense,aerosense,https://www.aero-sense.com/en/online-shop/cabin-and-exterior-cleaning/deep-cleaner-leather,ml,946.0,0.946,125.2536997885835
9/14/2025,Aviation,Aviation,A1-Leather cleaner,Leather and vinyl cleaner,Deep Cleaner for Leather - 946 ml spray bottle x 12,1350.72,AeroSense,aerosense,https://www.aero-sense.com/en/online-shop/cabin-and-exterior-cleaning/deep-cleaner-leather,ml,11352.0,11.352,118.98520084566596
9/14/2025,Aviation,Aviation,A1-Leather cleaner,Leather and vinyl cleaner,Leather Cleaner & Conditioner - 946 ml spray bottle,118.49,AeroSense,aerosense,https://www.aero-sense.com/en/online-shop/cabin-and-exterior-cleaning/leather-cleaner-conditioner,ml,946.0,0.946,125.2536997885835
9/14/2025,Aviation,Aviation,A1-Leather cleaner,Leather and vinyl cleaner,Leather Cleaner & Conditioner - 946 ml spray bottle x 12,1350.72,AeroSense,aerosense,https://www.aero-sense.com/en/online-shop/cabin-and-exterior-cleaning/leather-cleaner-conditioner,ml,11352.0,11.352,118.98520084566596
9/14/2025,Aviation,Aviation,A1-Leather conditioner,Leather and vinyl conditioner,Leather Cleaner & Conditioner - 946 ml spray bottle,118.49,AeroSense,aerosense,https://www.aero-sense.com/en/online-shop/cabin-and-exterior-cleaning/leather-cleaner-conditioner,ml,946.0,0.946,125.2536997885835
9/14/2025,Aviation,Aviation,A1-Leather conditioner,Leather and vinyl conditioner,Leather Cleaner & Conditioner - 946 ml spray bottle x 12,1350.72,AeroSense,aerosense,https://www.aero-sense.com/en/online-shop/cabin-and-exterior-cleaning/leather-cleaner-conditioner,ml,11352.0,11.352,118.98520084566596
9/14/2025,Aviation,Aviation,A2-Broad-spectrum disinfectant for surfaces,Disinfectant and cleaner,Cabin Disinfectant Ready-to-use - 750 ml spray bottle x 10,768.25,AeroSense,aerosense,https://www.aero-sense.com/en/online-shop/cabin-and-exterior-cleaning/cabin-disinfectant-ready-use,ml,7500.0,7.5,102.43333333333334
9/14/2025,Aviation,Aviation,A2-Broad-spectrum disinfectant for surfaces,Disinfectant and cleaner,Cabin Disinfectant Ready-to-use - 750 ml spray bottle x 30,1959.7,AeroSense,aerosense,https://www.aero-sense.com/en/online-shop/cabin-and-exterior-cleaning/cabin-disinfectant-ready-use,ml,22500.0,22.5,87.09777777777778
9/14/2025,Aviation,Aviation,A2-Broad-spectrum disinfectant for surfaces,Disinfectant and cleaner,Cabin Disinfectant Ready-to-use - 20 litre can,537.34,AeroSense,aerosense,https://www.aero-sense.com/en/online-shop/cabin-and-exterior-cleaning/cabin-disinfectant-ready-use,ml,20000.0,20.0,26.867
9/14/2025,Aviation,Aviation,A2-Broad-spectrum disinfectant for surfaces,Disinfectant and cleaner,Cabin Disinfectant Concentrate - 5 litre can x 4,1194.96,AeroSense,aerosense,https://www.aero-sense.com/en/online-shop/cabin-and-exterior-cleaning/cabin-disinfectant-concentrate,ml,20000.0,20.0,59.748000000000005
9/14/2025,Aviation,Aviation,A3-Streak-free window cleaner,Glass cleaner,Windshield Cleaner - 1 litre spray bottle x 6,426.97,AeroSense,aerosense,https://www.aero-sense.com/en/online-shop/cabin-and-exterior-cleaning/windshield-cleaner,ml,6000.0,6.0,71.16166666666668
9/14/2025,Aviation,Aviation,A3-Streak-free window cleaner,Glass cleaner,Windshield Cleaner - 1 litre spray bottle x 24,1537.2,AeroSense,aerosense,https://www.aero-sense.com/en/online-shop/cabin-and-exterior-cleaning/windshield-cleaner,ml,24000.0,24.0,64.05
9/14/2025,Aviation,Aviation,A3-Streak-free window cleaner,Glass cleaner,Airframe Cleaner - 20 litre can,468.85,AeroSense,aerosense,https://www.aero-sense.com/en/online-shop/cabin-and-exterior-cleaning/airframe-cleaner,ml,20000.0,20.0,23.442500000000003
9/14/2025,Aviation,Aviation,A3-Cockpit glass cleaner,Glass cleaner,Windshield Cleaner - 1 litre spray bottle x 6,426.97,AeroSense,aerosense,https://www.aero-sense.com/en/online-shop/cabin-and-exterior-cleaning/windshield-cleaner,ml,6000.0,6.0,71.16166666666668
9/14/2025,Aviation,Aviation,A3-Cockpit glass cleaner,Glass cleaner,Windshield Cleaner - 1 litre spray bottle x 24,1537.2,AeroSense,aerosense,https://www.aero-sense.com/en/online-shop/cabin-and-exterior-cleaning/windshield-cleaner,ml,24000.0,24.0,64.05
9/14/2025,Aviation,Aviation,A3-Cockpit glass cleaner,Glass cleaner,Airframe Cleaner - 20 litre can,468.85,AeroSense,aerosense,https://www.aero-sense.com/en/online-shop/cabin-and-exterior-cleaning/airframe-cleaner,ml,20000.0,20.0,23.442500000000003
9/14/2025,Aviation,Aviation,A3-Mirror and plexiglass cleaner,Glass cleaner,Windshield Cleaner - 1 litre spray bottle x 6,426.97,AeroSense,aerosense,https://www.aero-sense.com/en/online-shop/cabin-and-exterior-cleaning/windshield-cleaner,ml,6000.0,6.0,71.16166666666668
9/14/2025,Aviation,Aviation,A3-Mirror and plexiglass cleaner,Glass cleaner,Windshield Cleaner - 1 litre spray bottle x 24,1537.2,AeroSense,aerosense,https://www.aero-sense.com/en/online-shop/cabin-and-exterior-cleaning/windshield-cleaner,ml,24000.0,24.0,64.05
9/14/2025,Aviation,Aviation,A3-Mirror and plexiglass cleaner,Glass cleaner,Airframe Cleaner - 20 litre can,468.85,AeroSense,aerosense,https://www.aero-sense.com/en/online-shop/cabin-and-exterior-cleaning/airframe-cleaner,ml,20000.0,20.0,23.442500000000003
9/14/2025,Aviation,Aviation,A4-Lavatory disinfectant,Disinfectant and cleaner,Flushman Lavatory Additive - 5 litre can x 4,1266.95,AeroSense,aerosense,https://www.aero-sense.com/en/online-shop/cabin-and-exterior-cleaning/flushman-lavatory-additive,ml,20000.0,20.0,63.3475
9/14/2025,Aviation,Aviation,A5-Food-safe surface cleaner,Disinfectant and cleaner,Cabin Cleaner Triple Action - 150 ml spray bottle x 144 Linen Breeze,3002.76,AeroSense,aerosense,https://www.aero-sense.com/en/online-shop/cabin-and-exterior-cleaning/cabin-cleaner-triple-action,ml,21600.0,21.6,139.01666666666668
9/14/2025,Aviation,Aviation,A5-Food-safe surface cleaner,Disinfectant and cleaner,Cabin Cleaner Triple Action - 150 ml spray bottle x 144 Fresh Lemon,3002.76,AeroSense,aerosense,https://www.aero-sense.com/en/online-shop/cabin-and-exterior-cleaning/cabin-cleaner-triple-action,ml,21600.0,21.6,139.01666666666668
9/14/2025,Aviation,Aviation,A6-Non-slip floor cleaner,Floor cleaner,Hangar Floor Cleaner - 5 litre can x 4,614.6,AeroSense,aerosense,https://www.aero-sense.com/en/online-shop/cabin-and-exterior-cleaning/hangar-floor-cleaner,ml,20000.0,20.0,30.73
9/14/2025,Aviation,Aviation,A6-Aircraft carpet spot remover,Carpet shampoo,Carpet Cleaner - 5 litre can x 4,496.07,AeroSense,aerosense,https://www.aero-sense.com/en/online-shop/cabin-and-exterior-cleaning/carpet-cleaner,ml,20000.0,20.0,24.8035
9/14/2025,Aviation,Aviation,A7-Insect and soil remover,Bug remover,Insect Remover - 1 litre spray bottle x 6,455.42,AeroSense,aerosense,https://www.aero-sense.com/en/online-shop/cabin-and-exterior-cleaning/insect-remover,ml,6000.0,6.0,75.90333333333334
9/14/2025,Aviation,Aviation,A7-Insect and soil remover,Bug remover,Insect Remover - 1 litre spray bottle x 24,1639.4,AeroSense,aerosense,https://www.aero-sense.com/en/online-shop/cabin-and-exterior-cleaning/insect-remover,ml,24000.0,24.0,68.30833333333334
9/14/2025,Facilities management,Facilities management,F1-FM general purpose cleaner,General purpose cleaner,"Cleaner, All Purpose Liquid Cleaner 4 in 1 for Floors, Kiwi Perfume (1 gallon x 4 liter)",30.0,Brand not found,officesupply,https://officesupply.sa/en/hygiene-supplies/cleaner-all-purpose-liquid-cleaner-4-in-1-for-floors-kiwi-perfume-1-gallon-x-4-liter/,L,4.0,4.0,7.5
9/14/2025,Facilities management,Facilities management,F1-FM wood furniture cleaner,Furniture polish,Chemicals House Keeping Wax Furniture Polish Fine Solution Prime 500 ml White (Carton of 1x12) Citrus,122.54,Fine,fine,https://ksa.finestore.com/product/chemicals-house-keeping-wax-furniture-polish-fine-solution-prime-500-ml-white-carton-of-1x12-citrus/12701100065?p=1,ml,6000.0,6.0,20.423333333333336
9/14/2025,Facilities management,Facilities management,F1-FM leather cleaner,Leather and vinyl cleaner,"Cleaner, Leather Cleaner & Conditioner (12 bottle x 700 ml)",130.0,Brand not found,officesupply,https://officesupply.sa/en/hygiene-supplies/cleaner-leather-cleaner-and-conditioner-12-bottle-x-700-ml/,ml,8400.0,8.4,15.476190476190476
9/14/2025,Facilities management,Facilities management,F1-FM leather cleaner,Leather and vinyl cleaner,"Cleaner, Leather Cleaner & Conditioner (1 bottle x 700 ml)",13.0,Brand not found,officesupply,https://officesupply.sa/en/hygiene-supplies/12-700-clone/,ml,700.0,0.7,18.571428571428573
9/14/2025,Facilities management,Facilities management,F2-FM general hard floor cleaner,Floor cleaner,Fine Solutions Clor 3.75Ltr Carton of 6,60.0,Fine,fine,https://ksa.finestore.com/product/fine-solutions-clor-375ltr-carton-of-6/19900000102?p=1,L,3.75,3.75,16.0
9/14/2025,Facilities management,Facilities management,F2-FM general hard floor cleaner,Floor cleaner,"Floor Cleaner, 4 Liters  X 4 Gallons",110.0,Fine,fine,https://ksa.finestore.com/product/floor-cleaner-4-liters-x-4-gallons/19900000081?p=1,L,16.0,16.0,6.875
9/14/2025,Facilities management,Facilities management,F2-FM general hard floor cleaner,Floor cleaner,Floor Cleaner 6PcsX3 LTR,171.0,GoGreen,gogreen,https://gogreen.com.sa/products/كرتون-منظف-الارضيات-6-حبه-3xلتر-2,L,18.0,18.0,9.5
9/14/2025,Facilities management,Facilities management,F2-FM general hard floor cleaner,Floor cleaner,Floor Cleaner 6PcsX3 LTR,171.0,GoGreen,gogreen,https://gogreen.com.sa/products/كرتون-منظف-الارضيات-6-حبه-3xلتر,L,18.0,18.0,9.5
9/14/2025,Facilities management,Facilities management,F2-FM general hard floor cleaner,Floor cleaner,Floor Cleaner 6PcsX3 LTR,171.0,GoGreen,gogreen,https://gogreen.com.sa/products/كرتون-منظف-الارضيات-6-حبه-3xلتر-3,L,18.0,18.0,9.5
9/14/2025,Facilities management,Facilities management,F2-FM general hard floor cleaner,Floor cleaner,Floor Cleaner 6PcsX3 LTR,171.0,GoGreen,gogreen,https://gogreen.com.sa/products/كرتون-منظف-الارضيات-6-حبه-3xلتر-1,L,18.0,18.0,9.5
9/14/2025,Facilities management,Facilities management,F2-FM general hard floor cleaner,Floor cleaner,Floor Cleaner 30 LTR,164.0,GoGreen,gogreen,https://gogreen.com.sa/products/منظف-الارضيات-30-لتر-2,L,30.0,30.0,5.466666666666667
9/14/2025,Facilities management,Facilities management,F2-FM general hard floor cleaner,Floor cleaner,Floor Cleaner 30 LTR,164.0,GoGreen,gogreen,https://gogreen.com.sa/products/منظف-الارضيات-30-لتر,L,30.0,30.0,5.466666666666667
9/14/2025,Facilities management,Facilities management,F2-FM general hard floor cleaner,Floor cleaner,Floor Cleaner 30 LTR,164.0,GoGreen,gogreen,https://gogreen.com.sa/products/منظف-الارضيات-30-لتر-3,L,30.0,30.0,5.466666666666667
9/14/2025,Facilities management,Facilities management,F2-FM general hard floor cleaner,Floor cleaner,Floor Cleaner 30 LTR,164.0,GoGreen,gogreen,https://gogreen.com.sa/products/منظف-الارضيات-30-لتر-1,L,30.0,30.0,5.466666666666667
9/14/2025,Facilities management,Facilities management,F2-FM general hard floor cleaner,Floor cleaner,Floor Cleaner 30 LTR,164.0,GoGreen,gogreen,https://gogreen.com.sa/products/منظف-الارضيات,L,30.0,30.0,5.466666666666667
9/14/2025,Facilities management,Facilities management,F2-FM general hard floor cleaner,Floor cleaner,"Cleaner, Floor Cleaner 3 in 1, French Perfume (1 gallon x 25 liter)",110.0,Brand not found,officesupply,https://officesupply.sa/en/hygiene-supplies/cleaner-floor-cleaner-3-in-1-french-perfume-1-gallon-x-25-liter/,L,25.0,25.0,4.4
9/14/2025,Facilities management,Facilities management,F2-FM general hard floor cleaner,Floor cleaner,"Cleaner,  All Purpose Liquid Cleaner 4 in 1 for Floors, Lemon Perfume (4 gallon x 4 liter) BOX",99.0,Brand not found,officesupply,https://officesupply.sa/en/hygiene-supplies/cleaner-all-purpose-liquid-cleaner-4-in-1-lemon-perfume-4-gallon-x-4-liter-box/,L,16.0,16.0,6.1875
9/14/2025,Facilities management,Facilities management,F2-FM general hard floor cleaner,Floor cleaner,"Cleaner, All Purpose Liquid Cleaner 4 in 1 for Floors, Lavender Perfume (4 gallon x 4 liter) BOX",99.0,Brand not found,officesupply,https://officesupply.sa/en/hygiene-supplies/cleaner-all-purpose-liquid-cleaner-4-in-1-for-floors-lavender-perfume-4-gallon-x-4-liter-box/,L,16.0,16.0,6.1875
9/14/2025,Facilities management,Facilities management,F2-FM general hard floor cleaner,Floor cleaner,"Cleaner, All Purpose Liquid Cleaner 4 in 1 for Floors, Kiwi Perfume (4 gallon x 4 liter) BOX",99.0,Brand not found,officesupply,https://officesupply.sa/en/hygiene-supplies/cleaner-all-purpose-liquid-cleaner-4-in-1-for-floors-kiwi-perfume-4-gallon-x-4-liter-box/,L,16.0,16.0,6.1875
9/14/2025,Facilities management,Facilities management,F2-FM general hard floor cleaner,Floor cleaner,"Cleaner, All Purpose Liquid Cleaner 4 in 1 for Floors, Lavender  Perfume (1 gallon x 4 liter)",30.0,Brand not found,officesupply,https://officesupply.sa/en/hygiene-supplies/cleaner-all-purpose-liquid-cleaner-4-in-1-for-floors-lavender-perfume-1-gallon-x-4-liter/,L,4.0,4.0,7.5
9/14/2025,Facilities management,Facilities management,F2-FM general hard floor cleaner,Floor cleaner,"Cleaner, All Purpose Liquid Cleaner 4 in 1, Lemon Perfume (1 gallon x 4 liter)",30.0,Brand not found,officesupply,https://officesupply.sa/en/hygiene-supplies/cleaner-all-purpose-liquid-cleaner-4-in-1-lemon-perfume-1-gallon-x-4-liter/,L,4.0,4.0,7.5
9/14/2025,Facilities management,Facilities management,F2-FM high performance carpet shampoo,Carpet shampoo,Carpet Shampoo 8PcsX2 Ltr,144.0,GoGreen,gogreen,https://gogreen.com.sa/products/شامبو-غسيل-السجاد,L,16.0,16.0,9.0
9/14/2025,Facilities management,Facilities management,F2-FM stain spot remover,Stain remover,Dry Stain Remover 12PcsX1 LTR,180.0,GoGreen,gogreen,https://gogreen.com.sa/products/مزيل-البقع-على-الجاف,L,12.0,12.0,15.0
9/14/2025,Facilities management,Facilities management,F2-FM stain spot remover,Stain remover,Stain Remover for Colores Clothes 12PCS X 1 LTR,144.0,GoGreen,gogreen,https://gogreen.com.sa/products/مزيل-البقع-للملابس-الملونة,L,12.0,12.0,12.0
9/14/2025,Facilities management,Facilities management,F2-FM stain spot remover,Stain remover,Stain Remover for White Clothes 12PCS X 1 LTR,144.0,GoGreen,gogreen,https://gogreen.com.sa/products/مزيل-بقع-الملابس-البيضاء,L,12.0,12.0,12.0
9/14/2025,Facilities management,Facilities management,F2-FM hardwood and laminate floor cleaner,Floor cleaner,"Cleaner, Wood Floor Cleaner (4 gallon x 4 liter) BOX",220.0,Brand not found,officesupply,https://officesupply.sa/en/hygiene-supplies/cleaner-wood-floor-cleaner-4-gallon-x-4-liter-box/,L,16.0,16.0,13.75
9/14/2025,Facilities management,Facilities management,F2-FM hardwood and laminate floor cleaner,Floor cleaner,"Cleaner, Wood Floor Cleaner (1 gallon x 4 liter)",60.0,Brand not found,officesupply,https://officesupply.sa/en/hygiene-supplies/cleaner-wood-floor-cleaner-1-gallon-x-4-liter/,L,4.0,4.0,15.0
9/14/2025,Facilities management,Facilities management,F3-FM broad-spectrum disinfectant for surfaces and touchpoints,Disinfectant and cleaner,Disinfectant 30 Ltr,96.0,Fine,fine,https://ksa.finestore.com/product/disinfectant-30-ltr/19900000100?p=1,L,30.0,30.0,3.2
9/14/2025,Facilities management,Facilities management,F3-FM broad-spectrum disinfectant for surfaces and touchpoints,Disinfectant and cleaner,Antiseptic and Disinfectant 30 LTR,295.0,GoGreen,gogreen,https://gogreen.com.sa/products/كرتون-مطهر-و-معقم-ضد-الجراثيم-12-حبة-500-مل,L,30.0,30.0,9.833333333333334
9/14/2025,Facilities management,Facilities management,F3-FM broad-spectrum disinfectant for surfaces and touchpoints,Disinfectant and cleaner,Antiseptic and Disinfectant 12 Pcs X 500 ML,156.0,GoGreen,gogreen,https://gogreen.com.sa/products/كرتون-مطهر-و-معقم-ضد-الجراثيم-12-حبة-750-مل,ml,6000.0,6.0,26.0
9/14/2025,Facilities management,Facilities management,F3-FM broad-spectrum disinfectant for surfaces and touchpoints,Disinfectant and cleaner,Antiseptic and Disinfectant 12 Pcs X 750 ML,192.0,GoGreen,gogreen,https://gogreen.com.sa/products/مطهر-و-معقم-ضد-الجراثيم-5لتر,ml,9000.0,9.0,21.33333333333333
9/14/2025,Facilities management,Facilities management,F3-FM broad-spectrum disinfectant for surfaces and touchpoints,Disinfectant and cleaner,Antiseptic and Disinfectant 5 LTR,65.0,GoGreen,gogreen,https://gogreen.com.sa/products/مطهر-و-معقم-ضد-الجراثيم-4حبة-5xلتر,L,5.0,5.0,13.0
9/14/2025,Facilities management,Facilities management,F3-FM broad-spectrum disinfectant for surfaces and touchpoints,Disinfectant and cleaner,Antiseptic and Disinfectant 4x5 LTR,220.0,GoGreen,gogreen,https://gogreen.com.sa/products/مطهر-و-معقم-ضد-الجراثيم-1,L,20.0,20.0,11.0
9/14/2025,Facilities management,Facilities management,F3-FM broad-spectrum disinfectant for surfaces and touchpoints,Disinfectant and cleaner,Surface Cleaner and Disinfectant 4PcsX5 LTR,230.0,GoGreen,gogreen,https://gogreen.com.sa/products/مطهر-ومعقم-الاسطح,L,20.0,20.0,11.5
9/14/2025,Facilities management,Facilities management,F3-FM broad-spectrum disinfectant for surfaces and touchpoints,Disinfectant and cleaner,"Cleaner, General Disinfectant, Lavender Perfume (4 gallon x 4 liter) BOX",80.0,Brand not found,officesupply,https://officesupply.sa/en/hygiene-supplies/04-apr/,L,16.0,16.0,5.0
9/14/2025,Facilities management,Facilities management,F3-FM broad-spectrum disinfectant for surfaces and touchpoints,Disinfectant and cleaner,"Cleaner, General Disinfectant, Dettol Perfume (4 gallon x 4 liter) BOX",85.0,Brand not found,officesupply,https://officesupply.sa/en/hygiene-supplies/4-4-ar/,L,16.0,16.0,5.3125
9/14/2025,Facilities management,Facilities management,F3-FM broad-spectrum disinfectant for surfaces and touchpoints,Disinfectant and cleaner,"Cleaner, General Disinfectant, Dettol Perfume (1 gallon x 4 liter)",25.0,Brand not found,officesupply,https://officesupply.sa/en/hygiene-supplies/cleaner-general-disinfectant-dettol-perfume-1-gallon-x-4-liter/,L,4.0,4.0,6.25
9/14/2025,Facilities management,Facilities management,F3-FM broad-spectrum disinfectant for surfaces and touchpoints,Disinfectant and cleaner,"Cleaner, General Disinfectant, Flowers Perfume (1 gallon x 4 liter)",25.0,Brand not found,officesupply,https://officesupply.sa/en/hygiene-supplies/cleaner-general-disinfectant-flowers-perfume-1-gallon-x-4-liter/,L,4.0,4.0,6.25
9/14/2025,Facilities management,Facilities management,F3-FM broad-spectrum disinfectant for surfaces and touchpoints,Disinfectant and cleaner,"Cleaner, General Disinfectant, Flowers Perfume (4 gallon x 4 liter) BOX",80.0,Brand not found,officesupply,https://officesupply.sa/en/hygiene-supplies/cleaner-general-disinfectant-flowers-perfume-4-gallon-x-4-liter-box/,L,16.0,16.0,5.0
9/14/2025,Facilities management,Facilities management,F3-FM broad-spectrum disinfectant for surfaces and touchpoints,Disinfectant and cleaner,"Cleaner, General Disinfectant, Lavender Perfume (1 gallon x 4 liter)",25.0,Brand not found,officesupply,https://officesupply.sa/en/hygiene-supplies/01-apr/,L,4.0,4.0,6.25
9/14/2025,Facilities management,Facilities management,F4-FM restroom air freshener,Air freshener,Flower Magic Air and Fabric Freshener - 500ml Bottle,15.0,Brand not found,officesupply,https://officesupply.sa/en/hygiene-supplies/air-and-fabric-fresheners/flower-magic-air-and-fabric-freshener/,ml,500.0,0.5,30.0
9/14/2025,Facilities management,Facilities management,F4-FM shower and tile cleaner,"Toilet, shower and tile cleaner","Cleaner, Bathroom Cleaner (1 bottle x 1000 ml)",12.0,Brand not found,officesupply,https://officesupply.sa/en/hygiene-supplies/cleaner-bathroom-cleaner-1-bottle-x-1000-ml/,ml,1000.0,1.0,12.0
9/14/2025,Facilities management,Facilities management,F4-FM shower and tile cleaner,"Toilet, shower and tile cleaner","Cleaner, Bathroom Cleaner (12 bottle x 1000 ml) BOX",120.0,Brand not found,officesupply,https://officesupply.sa/en/hygiene-supplies/cleaner-bathroom-cleaner-12-bottle-x-1000-ml-box/,ml,12000.0,12.0,10.0
9/14/2025,Facilities management,Facilities management,F5-FM streak-free glass cleaner for large window areas,Glass cleaner,Glass Cleaner 650 ML - 12 Bottles,58.0,Fine,fine,https://ksa.finestore.com/product/glass-cleaner-650-ml-12-bottles/19900000103?p=1,ml,7800.0,7.8,7.435897435897436
9/14/2025,Facilities management,Facilities management,F5-FM streak-free glass cleaner for large window areas,Glass cleaner,"Glass Cleaner ,4 Liters  X 4 Gallons",69.0,Fine,fine,https://ksa.finestore.com/product/glass-cleaner-4-liters-x-4-gallons/19900000101?p=1,L,16.0,16.0,4.3125
9/14/2025,Facilities management,Facilities management,F5-FM streak-free glass cleaner for large window areas,Glass cleaner,Glass Cleaner 5 LTR,39.0,GoGreen,gogreen,https://gogreen.com.sa/products/ملمع-الزجاج-3,L,5.0,5.0,7.8
9/14/2025,Facilities management,Facilities management,F5-FM streak-free glass cleaner for large window areas,Glass cleaner,Glass Cleaner 12PcsX650 ML,120.0,GoGreen,gogreen,https://gogreen.com.sa/products/ملمع-الزجاج-2,ml,7800.0,7.8,15.384615384615383
9/14/2025,Facilities management,Facilities management,F5-FM streak-free glass cleaner for large window areas,Glass cleaner,Glass Cleaner 4PcsX5 LTR,139.0,GoGreen,gogreen,https://gogreen.com.sa/products/ملمع-الزجاج-1,L,20.0,20.0,6.95
9/14/2025,Facilities management,Facilities management,F5-FM streak-free glass cleaner for large window areas,Glass cleaner,"Cleaner, Glass Cleaner (1 gallon x 4 liter)",25.0,Brand not found,officesupply,https://officesupply.sa/en/hygiene-supplies/cleaner-glass-cleaner-1-gallon-x-4-liter/,L,4.0,4.0,6.25
9/14/2025,Facilities management,Facilities management,F5-FM streak-free glass cleaner for large window areas,Glass cleaner,"Cleaner, Glass Cleaner (1 bottle x 700 ml)",8.0,Brand not found,officesupply,https://officesupply.sa/en/hygiene-supplies/cleaner-glass-cleaner-1-bottle-x-700-ml/,ml,700.0,0.7,11.428571428571429
9/14/2025,Facilities management,Facilities management,F5-FM streak-free glass cleaner for large window areas,Glass cleaner,"Cleaner, Glass Cleaner (12 bottle x 700 ml) BOX",70.0,Brand not found,officesupply,https://officesupply.sa/en/hygiene-supplies/cleaner-glass-cleaner-12-bottle-x-700-ml-box/,ml,8400.0,8.4,8.333333333333332
9/14/2025,Facilities management,Facilities management,F5-FM streak-free glass cleaner for large window areas,Glass cleaner,"Cleaner, Glass Cleaner (4 gallon x 4 liter) BOX",90.0,Brand not found,officesupply,https://officesupply.sa/en/hygiene-supplies/1-4-clone/,L,16.0,16.0,5.625
9/14/2025,Facilities management,Facilities management,F5-FM streak-free glass cleaner for large window areas,Glass cleaner,Glass Cleaner 650 ml x 12 bottles,65.0,Brand not found,officesupply,https://officesupply.sa/en/hygiene-supplies/hygiene-materials/glass-cleaner-650-ml-x-12-bottles/,ml,650.0,0.65,100.0
9/14/2025,Facilities management,Facilities management,F6-FM degreaser for food service areas,Degreaser,Degrease and Multi-Purpose 12PcsX1 LTR,180.0,GoGreen,gogreen,https://gogreen.com.sa/products/بخاخ-مزيل-الشحوم-و-متعدد-الاستخدامات,L,12.0,12.0,15.0
9/14/2025,Facilities management,Facilities management,F6-FM degreaser for food service areas,Degreaser,"Cleaner, Oil Degreaser  (1 bottle x 1 liter)",13.0,Brand not found,officesupply,https://officesupply.sa/en/hygiene-supplies/cleaner-oil-degreaser-1-bottle-x-1-liter/,L,1.0,1.0,13.0
9/14/2025,Facilities management,Facilities management,F6-FM grill cleaner,Degreaser,"Cleaner, Oven & Grill Cleaner, (1 gallon x 4 liter)",60.0,Brand not found,officesupply,https://officesupply.sa/en/hygiene-supplies/cleaner-oven-and-grill-cleaner-1-gallon-x-4-liter/,L,4.0,4.0,15.0
9/14/2025,Facilities management,Facilities management,F6-FM oven and appliance cleaner,Degreaser,Oven kitchen Cleaner 12PcsX1 LTR,144.0,GoGreen,gogreen,https://gogreen.com.sa/products/منظف-أفران-المطابخ,L,12.0,12.0,12.0
9/14/2025,Facilities management,Facilities management,F6-FM food-safe surface sanitizers,Disinfectant and cleaner,Surface Cleaner and Disinfectant 4PcsX5 LTR,230.0,GoGreen,gogreen,https://gogreen.com.sa/products/مطهر-ومعقم-الاسطح,L,20.0,20.0,11.5
9/14/2025,Facilities management,Facilities management,F6-FM food-safe surface sanitizers,Disinfectant and cleaner,"Cleaner, Surface Sanitizer (1 bottle x 700 ml)",14.0,Brand not found,officesupply,https://officesupply.sa/en/hygiene-supplies/cleaner-surface-sanitizer-1-bottle-x-700-ml/,ml,700.0,0.7,20.0
9/14/2025,Facilities management,Facilities management,F6-FM food-safe surface sanitizers,Disinfectant and cleaner,"Cleaner, Food Table Sanitizer (1 bottle x 1000 ml)",16.0,Brand not found,officesupply,https://officesupply.sa/en/hygiene-supplies/cleaner-food-table-sanitizer-1-bottle-x-1000-ml/,ml,1000.0,1.0,16.0
9/14/2025,Facilities management,Facilities management,F7-FM air freshener,Air freshener,Flower Magic Air and Fabric Freshener - 500ml Bottle,15.0,Brand not found,officesupply,https://officesupply.sa/en/hygiene-supplies/air-and-fabric-fresheners/flower-magic-air-and-fabric-freshener/,ml,500.0,0.5,30.0
9/14/2025,Facilities management,Facilities management,F8-FM stainless steel polish and cleaner for fixtures and fittings,Stainless steel cleaner,Box Metal and stainless-steel cleaner and polisher 12 Pcs X 1 LTR,180.0,GoGreen,gogreen,https://gogreen.com.sa/products/كرتون-منظف-و-ملمع-المعادن-و-الستانلس-ستيل-12-حبة-في-1-لتر,L,12.0,12.0,15.0
9/14/2025,Facilities management,Facilities management,F8-FM stainless steel polish and cleaner for fixtures and fittings,Stainless steel cleaner,"Cleaner, Stainless Steel Cleaner & Polisher (1 bottle x 700 ml)",20.0,Brand not found,officesupply,https://officesupply.sa/en/hygiene-supplies/cleaner-stainless-steel-cleaner-and-polisher-1-bottle-x-700-ml/,ml,700.0,0.7,28.571428571428573
9/14/2025,Facilities management,Facilities management,F10-FM HVAC system cleaner,Disinfectant and cleaner,Air Conditioner and Coil Cleaner 4 PCS X 4LTR,460.0,GoGreen,gogreen,https://gogreen.com.sa/products/منظف-داخلي-وخارجي-لوحدة-التكييف-1,L,16.0,16.0,28.75
9/14/2025,Facilities management,Facilities management,F10-FM HVAC system cleaner,Disinfectant and cleaner,Air Conditioner and Coil Cleaner  5LTR,130.0,GoGreen,gogreen,https://gogreen.com.sa/products/منظف-داخلي-وخارجي-لوحدة-التكييف-2,L,5.0,5.0,26.0
9/14/2025,Facilities management,Facilities management,F10-FM HVAC system cleaner,Disinfectant and cleaner,Air Conditioner and Coil Cleaner 20 LTR,440.0,GoGreen,gogreen,https://gogreen.com.sa/products/منظف-داخلي-وخارجي-لوحدة-التكييف,L,20.0,20.0,22.0
9/14/2025,Faith,Faith,I1-General purpose cleaner,General purpose cleaner,"Cleaner, All Purpose Liquid Cleaner 4 in 1 for Floors, Kiwi Perfume (1 gallon x 4 liter)",30.0,Brand not found,officesupply,https://officesupply.sa/en/hygiene-supplies/cleaner-all-purpose-liquid-cleaner-4-in-1-for-floors-kiwi-perfume-1-gallon-x-4-liter/,L,4.0,4.0,7.5
9/14/2025,Faith,Faith,I1-Wood furniture cleaner,Furniture polish,Chemicals House Keeping Wax Furniture Polish Fine Solution Prime 500 ml White (Carton of 1x12) Citrus,122.54,Fine,fine,https://ksa.finestore.com/product/chemicals-house-keeping-wax-furniture-polish-fine-solution-prime-500-ml-white-carton-of-1x12-citrus/12701100065?p=1,ml,6000.0,6.0,20.423333333333336
9/14/2025,Faith,Faith,I2-General hard floor cleaner,Floor cleaner,Fine Solutions Clor 3.75Ltr Carton of 6,60.0,Fine,fine,https://ksa.finestore.com/product/fine-solutions-clor-375ltr-carton-of-6/19900000102?p=1,L,3.75,3.75,16.0
9/14/2025,Faith,Faith,I2-General hard floor cleaner,Floor cleaner,"Floor Cleaner, 4 Liters  X 4 Gallons",110.0,Fine,fine,https://ksa.finestore.com/product/floor-cleaner-4-liters-x-4-gallons/19900000081?p=1,L,16.0,16.0,6.875
9/14/2025,Faith,Faith,I2-General hard floor cleaner,Floor cleaner,Floor Cleaner 6PcsX3 LTR,171.0,GoGreen,gogreen,https://gogreen.com.sa/products/كرتون-منظف-الارضيات-6-حبه-3xلتر-2,L,18.0,18.0,9.5
9/14/2025,Faith,Faith,I2-General hard floor cleaner,Floor cleaner,Floor Cleaner 6PcsX3 LTR,171.0,GoGreen,gogreen,https://gogreen.com.sa/products/كرتون-منظف-الارضيات-6-حبه-3xلتر,L,18.0,18.0,9.5
9/14/2025,Faith,Faith,I2-General hard floor cleaner,Floor cleaner,Floor Cleaner 6PcsX3 LTR,171.0,GoGreen,gogreen,https://gogreen.com.sa/products/كرتون-منظف-الارضيات-6-حبه-3xلتر-3,L,18.0,18.0,9.5
9/14/2025,Faith,Faith,I2-General hard floor cleaner,Floor cleaner,Floor Cleaner 6PcsX3 LTR,171.0,GoGreen,gogreen,https://gogreen.com.sa/products/كرتون-منظف-الارضيات-6-حبه-3xلتر-1,L,18.0,18.0,9.5
9/14/2025,Faith,Faith,I2-General hard floor cleaner,Floor cleaner,Floor Cleaner 30 LTR,164.0,GoGreen,gogreen,https://gogreen.com.sa/products/منظف-الارضيات-30-لتر-2,L,30.0,30.0,5.466666666666667
9/14/2025,Faith,Faith,I2-General hard floor cleaner,Floor cleaner,Floor Cleaner 30 LTR,164.0,GoGreen,gogreen,https://gogreen.com.sa/products/منظف-الارضيات-30-لتر,L,30.0,30.0,5.466666666666667
9/14/2025,Faith,Faith,I2-General hard floor cleaner,Floor cleaner,Floor Cleaner 30 LTR,164.0,GoGreen,gogreen,https://gogreen.com.sa/products/منظف-الارضيات-30-لتر-3,L,30.0,30.0,5.466666666666667
9/14/2025,Faith,Faith,I2-General hard floor cleaner,Floor cleaner,Floor Cleaner 30 LTR,164.0,GoGreen,gogreen,https://gogreen.com.sa/products/منظف-الارضيات-30-لتر-1,L,30.0,30.0,5.466666666666667
9/14/2025,Faith,Faith,I2-General hard floor cleaner,Floor cleaner,Floor Cleaner 30 LTR,164.0,GoGreen,gogreen,https://gogreen.com.sa/products/منظف-الارضيات,L,30.0,30.0,5.466666666666667
9/14/2025,Faith,Faith,I2-General hard floor cleaner,Floor cleaner,"Cleaner, Floor Cleaner 3 in 1, French Perfume (1 gallon x 25 liter)",110.0,Brand not found,officesupply,https://officesupply.sa/en/hygiene-supplies/cleaner-floor-cleaner-3-in-1-french-perfume-1-gallon-x-25-liter/,L,25.0,25.0,4.4
9/14/2025,Faith,Faith,I2-General hard floor cleaner,Floor cleaner,"Cleaner,  All Purpose Liquid Cleaner 4 in 1 for Floors, Lemon Perfume (4 gallon x 4 liter) BOX",99.0,Brand not found,officesupply,https://officesupply.sa/en/hygiene-supplies/cleaner-all-purpose-liquid-cleaner-4-in-1-lemon-perfume-4-gallon-x-4-liter-box/,L,16.0,16.0,6.1875
9/14/2025,Faith,Faith,I2-General hard floor cleaner,Floor cleaner,"Cleaner, All Purpose Liquid Cleaner 4 in 1 for Floors, Lavender Perfume (4 gallon x 4 liter) BOX",99.0,Brand not found,officesupply,https://officesupply.sa/en/hygiene-supplies/cleaner-all-purpose-liquid-cleaner-4-in-1-for-floors-lavender-perfume-4-gallon-x-4-liter-box/,L,16.0,16.0,6.1875
9/14/2025,Faith,Faith,I2-General hard floor cleaner,Floor cleaner,"Cleaner, All Purpose Liquid Cleaner 4 in 1 for Floors, Kiwi Perfume (4 gallon x 4 liter) BOX",99.0,Brand not found,officesupply,https://officesupply.sa/en/hygiene-supplies/cleaner-all-purpose-liquid-cleaner-4-in-1-for-floors-kiwi-perfume-4-gallon-x-4-liter-box/,L,16.0,16.0,6.1875
9/14/2025,Faith,Faith,I2-General hard floor cleaner,Floor cleaner,"Cleaner, All Purpose Liquid Cleaner 4 in 1 for Floors, Lavender  Perfume (1 gallon x 4 liter)",30.0,Brand not found,officesupply,https://officesupply.sa/en/hygiene-supplies/cleaner-all-purpose-liquid-cleaner-4-in-1-for-floors-lavender-perfume-1-gallon-x-4-liter/,L,4.0,4.0,7.5
9/14/2025,Faith,Faith,I2-General hard floor cleaner,Floor cleaner,Floor Cleaner 4 liter x 4 gallon,130.0,Brand not found,officesupply,https://officesupply.sa/en/hygiene-supplies/fine-floor-cleaner/,L,4.0,4.0,32.5
9/14/2025,Faith,Faith,I2-Hardwood and laminate floor cleaner,Floor cleaner,"Cleaner, Wood Floor Cleaner (4 gallon x 4 liter) BOX",220.0,Brand not found,officesupply,https://officesupply.sa/en/hygiene-supplies/cleaner-wood-floor-cleaner-4-gallon-x-4-liter-box/,L,16.0,16.0,13.75
9/14/2025,Faith,Faith,I2-Hardwood and laminate floor cleaner,Floor cleaner,"Cleaner, Wood Floor Cleaner (1 gallon x 4 liter)",60.0,Brand not found,officesupply,https://officesupply.sa/en/hygiene-supplies/cleaner-wood-floor-cleaner-1-gallon-x-4-liter/,L,4.0,4.0,15.0
9/14/2025,Faith,Faith,I3-High performance carpet shampoo,Carpet shampoo,Carpet Shampoo 8PcsX2 Ltr,144.0,GoGreen,gogreen,https://gogreen.com.sa/products/شامبو-غسيل-السجاد,L,16.0,16.0,9.0
9/14/2025,Faith,Faith,I3-Stain spot remover,Stain remover,Dry Stain Remover 12PcsX1 LTR,180.0,GoGreen,gogreen,https://gogreen.com.sa/products/مزيل-البقع-على-الجاف,L,12.0,12.0,15.0
9/14/2025,Faith,Faith,I3-Stain spot remover,Stain remover,Stain Remover for Colores Clothes 12PCS X 1 LTR,144.0,GoGreen,gogreen,https://gogreen.com.sa/products/مزيل-البقع-للملابس-الملونة,L,12.0,12.0,12.0
9/14/2025,Faith,Faith,I3-Stain spot remover,Stain remover,Stain Remover for White Clothes 12PCS X 1 LTR,144.0,GoGreen,gogreen,https://gogreen.com.sa/products/مزيل-بقع-الملابس-البيضاء,L,12.0,12.0,12.0
9/14/2025,Faith,Faith,"I4-Broad-spectrum disinfectant for surfaces, shoe racks and storage areas",Disinfectant and cleaner,Disinfectant 30 Ltr,96.0,Fine,fine,https://ksa.finestore.com/product/disinfectant-30-ltr/19900000100?p=1,L,30.0,30.0,3.2
9/14/2025,Faith,Faith,"I4-Broad-spectrum disinfectant for surfaces, shoe racks and storage areas",Disinfectant and cleaner,Antiseptic and Disinfectant 30 LTR,295.0,GoGreen,gogreen,https://gogreen.com.sa/products/كرتون-مطهر-و-معقم-ضد-الجراثيم-12-حبة-500-مل,L,30.0,30.0,9.833333333333334
9/14/2025,Faith,Faith,"I4-Broad-spectrum disinfectant for surfaces, shoe racks and storage areas",Disinfectant and cleaner,Antiseptic and Disinfectant 12 Pcs X 500 ML,156.0,GoGreen,gogreen,https://gogreen.com.sa/products/كرتون-مطهر-و-معقم-ضد-الجراثيم-12-حبة-750-مل,ml,6000.0,6.0,26.0
9/14/2025,Faith,Faith,"I4-Broad-spectrum disinfectant for surfaces, shoe racks and storage areas",Disinfectant and cleaner,Antiseptic and Disinfectant 12 Pcs X 750 ML,192.0,GoGreen,gogreen,https://gogreen.com.sa/products/مطهر-و-معقم-ضد-الجراثيم-5لتر,ml,9000.0,9.0,21.33333333333333
9/14/2025,Faith,Faith,"I4-Broad-spectrum disinfectant for surfaces, shoe racks and storage areas",Disinfectant and cleaner,Antiseptic and Disinfectant 5 LTR,65.0,GoGreen,gogreen,https://gogreen.com.sa/products/مطهر-و-معقم-ضد-الجراثيم-4حبة-5xلتر,L,5.0,5.0,13.0
9/14/2025,Faith,Faith,"I4-Broad-spectrum disinfectant for surfaces, shoe racks and storage areas",Disinfectant and cleaner,Antiseptic and Disinfectant 4x5 LTR,220.0,GoGreen,gogreen,https://gogreen.com.sa/products/مطهر-و-معقم-ضد-الجراثيم-1,L,20.0,20.0,11.0
9/14/2025,Faith,Faith,"I4-Broad-spectrum disinfectant for surfaces, shoe racks and storage areas",Disinfectant and cleaner,Surface Cleaner and Disinfectant 4PcsX5 LTR,230.0,GoGreen,gogreen,https://gogreen.com.sa/products/مطهر-ومعقم-الاسطح,L,20.0,20.0,11.5
9/14/2025,Faith,Faith,"I4-Broad-spectrum disinfectant for surfaces, shoe racks and storage areas",Disinfectant and cleaner,"Cleaner, General Disinfectant, Lavender Perfume (4 gallon x 4 liter) BOX",80.0,Brand not found,officesupply,https://officesupply.sa/en/hygiene-supplies/04-apr/,L,16.0,16.0,5.0
9/14/2025,Faith,Faith,"I4-Broad-spectrum disinfectant for surfaces, shoe racks and storage areas",Disinfectant and cleaner,"Cleaner, General Disinfectant, Dettol Perfume (4 gallon x 4 liter) BOX",85.0,Brand not found,officesupply,https://officesupply.sa/en/hygiene-supplies/4-4-ar/,L,16.0,16.0,5.3125
9/14/2025,Faith,Faith,"I4-Broad-spectrum disinfectant for surfaces, shoe racks and storage areas",Disinfectant and cleaner,"Cleaner, General Disinfectant, Dettol Perfume (1 gallon x 4 liter)",25.0,Brand not found,officesupply,https://officesupply.sa/en/hygiene-supplies/cleaner-general-disinfectant-dettol-perfume-1-gallon-x-4-liter/,L,4.0,4.0,6.25
9/14/2025,Faith,Faith,"I4-Broad-spectrum disinfectant for surfaces, shoe racks and storage areas",Disinfectant and cleaner,"Cleaner, General Disinfectant, Flowers Perfume (1 gallon x 4 liter)",25.0,Brand not found,officesupply,https://officesupply.sa/en/hygiene-supplies/cleaner-general-disinfectant-flowers-perfume-1-gallon-x-4-liter/,L,4.0,4.0,6.25
9/14/2025,Faith,Faith,"I4-Broad-spectrum disinfectant for surfaces, shoe racks and storage areas",Disinfectant and cleaner,"Cleaner, General Disinfectant, Flowers Perfume (4 gallon x 4 liter) BOX",80.0,Brand not found,officesupply,https://officesupply.sa/en/hygiene-supplies/cleaner-general-disinfectant-flowers-perfume-4-gallon-x-4-liter-box/,L,16.0,16.0,5.0
9/14/2025,Faith,Faith,"I4-Broad-spectrum disinfectant for surfaces, shoe racks and storage areas",Disinfectant and cleaner,"Cleaner, General Disinfectant, Lavender Perfume (1 gallon x 4 liter)",25.0,Brand not found,officesupply,https://officesupply.sa/en/hygiene-supplies/01-apr/,L,4.0,4.0,6.25
9/14/2025,Faith,Faith,I6-Restroom air freshener,Air freshener,Flower Magic Air and Fabric Freshener - 500ml Bottle,15.0,Brand not found,officesupply,https://officesupply.sa/en/hygiene-supplies/air-and-fabric-fresheners/flower-magic-air-and-fabric-freshener/,ml,500.0,0.5,30.0
9/14/2025,Faith,Faith,I6-Shower and tile cleaner,"Toilet, shower and tile cleaner","Cleaner, Bathroom Cleaner (1 bottle x 1000 ml)",12.0,Brand not found,officesupply,https://officesupply.sa/en/hygiene-supplies/cleaner-bathroom-cleaner-1-bottle-x-1000-ml/,ml,1000.0,1.0,12.0
9/14/2025,Faith,Faith,I6-Shower and tile cleaner,"Toilet, shower and tile cleaner","Cleaner, Bathroom Cleaner (12 bottle x 1000 ml) BOX",120.0,Brand not found,officesupply,https://officesupply.sa/en/hygiene-supplies/cleaner-bathroom-cleaner-12-bottle-x-1000-ml-box/,ml,12000.0,12.0,10.0
9/14/2025,Faith,Faith,I7-Streak-free glass cleaner for large window areas,Glass cleaner,Glass Cleaner 650 ML - 12 Bottles,58.0,Fine,fine,https://ksa.finestore.com/product/glass-cleaner-650-ml-12-bottles/19900000103?p=1,ml,7800.0,7.8,7.435897435897436
9/14/2025,Faith,Faith,I7-Streak-free glass cleaner for large window areas,Glass cleaner,"Glass Cleaner ,4 Liters  X 4 Gallons",69.0,Fine,fine,https://ksa.finestore.com/product/glass-cleaner-4-liters-x-4-gallons/19900000101?p=1,L,16.0,16.0,4.3125
9/14/2025,Faith,Faith,I7-Streak-free glass cleaner for large window areas,Glass cleaner,Glass Cleaner 5 LTR,39.0,GoGreen,gogreen,https://gogreen.com.sa/products/ملمع-الزجاج-3,L,5.0,5.0,7.8
9/14/2025,Faith,Faith,I7-Streak-free glass cleaner for large window areas,Glass cleaner,Glass Cleaner 12PcsX650 ML,120.0,GoGreen,gogreen,https://gogreen.com.sa/products/ملمع-الزجاج-2,ml,7800.0,7.8,15.384615384615383
9/14/2025,Faith,Faith,I7-Streak-free glass cleaner for large window areas,Glass cleaner,Glass Cleaner 4PcsX5 LTR,139.0,GoGreen,gogreen,https://gogreen.com.sa/products/ملمع-الزجاج-1,L,20.0,20.0,6.95
9/14/2025,Faith,Faith,I7-Streak-free glass cleaner for large window areas,Glass cleaner,"Cleaner, Glass Cleaner (1 gallon x 4 liter)",25.0,Brand not found,officesupply,https://officesupply.sa/en/hygiene-supplies/cleaner-glass-cleaner-1-gallon-x-4-liter/,L,4.0,4.0,6.25
9/14/2025,Faith,Faith,I7-Streak-free glass cleaner for large window areas,Glass cleaner,"Cleaner, Glass Cleaner (1 bottle x 700 ml)",8.0,Brand not found,officesupply,https://officesupply.sa/en/hygiene-supplies/cleaner-glass-cleaner-1-bottle-x-700-ml/,ml,700.0,0.7,11.428571428571429
9/14/2025,Faith,Faith,I7-Streak-free glass cleaner for large window areas,Glass cleaner,"Cleaner, Glass Cleaner (12 bottle x 700 ml) BOX",70.0,Brand not found,officesupply,https://officesupply.sa/en/hygiene-supplies/cleaner-glass-cleaner-12-bottle-x-700-ml-box/,ml,8400.0,8.4,8.333333333333332
9/14/2025,Faith,Faith,I7-Streak-free glass cleaner for large window areas,Glass cleaner,"Cleaner, Glass Cleaner (4 gallon x 4 liter) BOX",90.0,Brand not found,officesupply,https://officesupply.sa/en/hygiene-supplies/1-4-clone/,L,16.0,16.0,5.625
9/14/2025,Faith,Faith,I7-Streak-free glass cleaner for large window areas,Glass cleaner,Glass Cleaner 650 ml x 12 bottles,65.0,Brand not found,officesupply,https://officesupply.sa/en/hygiene-supplies/hygiene-materials/glass-cleaner-650-ml-x-12-bottles/,ml,650.0,0.65,100.0
9/14/2025,Faith,Faith,I8-Degreaser for food service areas,Degreaser,Degrease and Multi-Purpose 4x5LTR,225.0,GoGreen,gogreen,https://gogreen.com.sa/products/مزيل-الشحوم-و-متعدد-الاستخدامات-5-لتر,L,20.0,20.0,11.25
9/14/2025,Faith,Faith,I8-Degreaser for food service areas,Degreaser,Degrease and Multi-Purpose 5LTR,70.0,GoGreen,gogreen,https://gogreen.com.sa/products/كرتون-مزيل-الشحوم-و-متعدد-الاستخدامات-12حبة-1xلتر,L,5.0,5.0,14.0
9/14/2025,Faith,Faith,I8-Degreaser for food service areas,Degreaser,Degrease and Multi-Purpose 12PcsX1 LTR,180.0,GoGreen,gogreen,https://gogreen.com.sa/products/بخاخ-مزيل-الشحوم-و-متعدد-الاستخدامات,L,12.0,12.0,15.0
9/14/2025,Faith,Faith,I8-Degreaser for food service areas,Degreaser,Degrease and Multi-Purpose 30 LTR,185.0,GoGreen,gogreen,https://gogreen.com.sa/products/مزيل-الشحوم-و-متعدد-الاستخدامات,L,30.0,30.0,6.166666666666667
9/14/2025,Faith,Faith,I8-Degreaser for food service areas,Degreaser,"Cleaner, Oil Degreaser  (1 bottle x 1 liter)",13.0,Brand not found,officesupply,https://officesupply.sa/en/hygiene-supplies/cleaner-oil-degreaser-1-bottle-x-1-liter/,L,1.0,1.0,13.0
9/14/2025,Faith,Faith,I8-Grill cleaner,Degreaser,"Cleaner, Oven & Grill Cleaner, (1 gallon x 4 liter)",60.0,Brand not found,officesupply,https://officesupply.sa/en/hygiene-supplies/cleaner-oven-and-grill-cleaner-1-gallon-x-4-liter/,L,4.0,4.0,15.0
9/14/2025,Faith,Faith,I8-Oven and appliance cleaner,Degreaser,Oven kitchen Cleaner 12PcsX1 LTR,144.0,GoGreen,gogreen,https://gogreen.com.sa/products/منظف-أفران-المطابخ,L,12.0,12.0,12.0
9/14/2025,Faith,Faith,I8-Food-safe surface sanitizer,Disinfectant and cleaner,Surface Cleaner and Disinfectant 4PcsX5 LTR,230.0,GoGreen,gogreen,https://gogreen.com.sa/products/مطهر-ومعقم-الاسطح,L,20.0,20.0,11.5
9/14/2025,Faith,Faith,I8-Food-safe surface sanitizer,Disinfectant and cleaner,"Cleaner, Surface Sanitizer (1 bottle x 700 ml)",14.0,Brand not found,officesupply,https://officesupply.sa/en/hygiene-supplies/cleaner-surface-sanitizer-1-bottle-x-700-ml/,ml,700.0,0.7,20.0
9/14/2025,Faith,Faith,I8-Food-safe surface sanitizer,Disinfectant and cleaner,"Cleaner, Food Table Sanitizer (1 bottle x 1000 ml)",16.0,Brand not found,officesupply,https://officesupply.sa/en/hygiene-supplies/cleaner-food-table-sanitizer-1-bottle-x-1000-ml/,ml,1000.0,1.0,16.0
9/14/2025,Faith,Faith,I9-Air deodorizer,Air freshener,Flower Magic Air and Fabric Freshener - 500ml Bottle,15.0,Brand not found,officesupply,https://officesupply.sa/en/hygiene-supplies/air-and-fabric-fresheners/flower-magic-air-and-fabric-freshener/,ml,500.0,0.5,30.0
9/14/2025,Faith,Faith,I13-HVAC system cleaner,Disinfectant and cleaner,Air Conditioner and Coil Cleaner 4 PCS X 4LTR,460.0,GoGreen,gogreen,https://gogreen.com.sa/products/منظف-داخلي-وخارجي-لوحدة-التكييف-1,L,16.0,16.0,28.75
9/14/2025,Faith,Faith,I13-HVAC system cleaner,Disinfectant and cleaner,Air Conditioner and Coil Cleaner  5LTR,130.0,GoGreen,gogreen,https://gogreen.com.sa/products/منظف-داخلي-وخارجي-لوحدة-التكييف-2,L,5.0,5.0,26.0
9/14/2025,Faith,Faith,I13-HVAC system cleaner,Disinfectant and cleaner,Air Conditioner and Coil Cleaner 20 LTR,440.0,GoGreen,gogreen,https://gogreen.com.sa/products/منظف-داخلي-وخارجي-لوحدة-التكييف,L,20.0,20.0,22.0
9/14/2025,Gyms,Gyms,"S1-Multi-surface cleaner for equipment, benches, and countertops",General purpose cleaner,"Cleaner, All Purpose Liquid Cleaner 4 in 1 for Floors, Kiwi Perfume (1 gallon x 4 liter)",30.0,Brand not found,officesupply,https://officesupply.sa/en/hygiene-supplies/cleaner-all-purpose-liquid-cleaner-4-in-1-for-floors-kiwi-perfume-1-gallon-x-4-liter/,L,4.0,4.0,7.5
9/14/2025,Gyms,Gyms,S1-Wood furniture cleaner,Furniture polish,Chemicals House Keeping Wax Furniture Polish Fine Solution Prime 500 ml White (Carton of 1x12) Citrus,122.54,Fine,fine,https://ksa.finestore.com/product/chemicals-house-keeping-wax-furniture-polish-fine-solution-prime-500-ml-white-carton-of-1x12-citrus/12701100065?p=1,ml,6000.0,6.0,20.423333333333336
9/14/2025,Gyms,Gyms,S1-Streak-free glass cleaner for mirrors and windows,Glass cleaner,Glass Cleaner 650 ML - 12 Bottles,58.0,Fine,fine,https://ksa.finestore.com/product/glass-cleaner-650-ml-12-bottles/19900000103?p=1,ml,7800.0,7.8,7.435897435897436
9/14/2025,Gyms,Gyms,S1-Streak-free glass cleaner for mirrors and windows,Glass cleaner,"Glass Cleaner ,4 Liters  X 4 Gallons",69.0,Fine,fine,https://ksa.finestore.com/product/glass-cleaner-4-liters-x-4-gallons/19900000101?p=1,L,16.0,16.0,4.3125
9/14/2025,Gyms,Gyms,S1-Streak-free glass cleaner for mirrors and windows,Glass cleaner,Glass Cleaner 5 LTR,39.0,GoGreen,gogreen,https://gogreen.com.sa/products/ملمع-الزجاج-3,L,5.0,5.0,7.8
9/14/2025,Gyms,Gyms,S1-Streak-free glass cleaner for mirrors and windows,Glass cleaner,Glass Cleaner 12PcsX650 ML,120.0,GoGreen,gogreen,https://gogreen.com.sa/products/ملمع-الزجاج-2,ml,7800.0,7.8,15.384615384615383
9/14/2025,Gyms,Gyms,S1-Streak-free glass cleaner for mirrors and windows,Glass cleaner,Glass Cleaner 4PcsX5 LTR,139.0,GoGreen,gogreen,https://gogreen.com.sa/products/ملمع-الزجاج-1,L,20.0,20.0,6.95
9/14/2025,Gyms,Gyms,S1-Streak-free glass cleaner for mirrors and windows,Glass cleaner,"Cleaner, Glass Cleaner (1 gallon x 4 liter)",25.0,Brand not found,officesupply,https://officesupply.sa/en/hygiene-supplies/cleaner-glass-cleaner-1-gallon-x-4-liter/,L,4.0,4.0,6.25
9/14/2025,Gyms,Gyms,S1-Streak-free glass cleaner for mirrors and windows,Glass cleaner,"Cleaner, Glass Cleaner (1 bottle x 700 ml)",8.0,Brand not found,officesupply,https://officesupply.sa/en/hygiene-supplies/cleaner-glass-cleaner-1-bottle-x-700-ml/,ml,700.0,0.7,11.428571428571429
9/14/2025,Gyms,Gyms,S1-Streak-free glass cleaner for mirrors and windows,Glass cleaner,"Cleaner, Glass Cleaner (12 bottle x 700 ml) BOX",70.0,Brand not found,officesupply,https://officesupply.sa/en/hygiene-supplies/cleaner-glass-cleaner-12-bottle-x-700-ml-box/,ml,8400.0,8.4,8.333333333333332
9/14/2025,Gyms,Gyms,S1-Streak-free glass cleaner for mirrors and windows,Glass cleaner,"Cleaner, Glass Cleaner (4 gallon x 4 liter) BOX",90.0,Brand not found,officesupply,https://officesupply.sa/en/hygiene-supplies/1-4-clone/,L,16.0,16.0,5.625
9/14/2025,Gyms,Gyms,S1-Streak-free glass cleaner for mirrors and windows,Glass cleaner,Glass Cleaner 650 ml x 12 bottles,65.0,Brand not found,officesupply,https://officesupply.sa/en/hygiene-supplies/hygiene-materials/glass-cleaner-650-ml-x-12-bottles/,ml,650.0,0.65,100.0
9/14/2025,Gyms,Gyms,S1-Non-slip floor cleaner for gym floors and exercise areas,Floor cleaner,Fine Solutions Clor 3.75Ltr Carton of 6,60.0,Fine,fine,https://ksa.finestore.com/product/fine-solutions-clor-375ltr-carton-of-6/19900000102?p=1,L,3.75,3.75,16.0
9/14/2025,Gyms,Gyms,S1-Non-slip floor cleaner for gym floors and exercise areas,Floor cleaner,"Floor Cleaner, 4 Liters  X 4 Gallons",110.0,Fine,fine,https://ksa.finestore.com/product/floor-cleaner-4-liters-x-4-gallons/19900000081?p=1,L,16.0,16.0,6.875
9/14/2025,Gyms,Gyms,S1-Non-slip floor cleaner for gym floors and exercise areas,Floor cleaner,Floor Cleaner 6PcsX3 LTR,171.0,GoGreen,gogreen,https://gogreen.com.sa/products/كرتون-منظف-الارضيات-6-حبه-3xلتر-2,L,18.0,18.0,9.5
9/14/2025,Gyms,Gyms,S1-Non-slip floor cleaner for gym floors and exercise areas,Floor cleaner,Floor Cleaner 6PcsX3 LTR,171.0,GoGreen,gogreen,https://gogreen.com.sa/products/كرتون-منظف-الارضيات-6-حبه-3xلتر,L,18.0,18.0,9.5
9/14/2025,Gyms,Gyms,S1-Non-slip floor cleaner for gym floors and exercise areas,Floor cleaner,Floor Cleaner 6PcsX3 LTR,171.0,GoGreen,gogreen,https://gogreen.com.sa/products/كرتون-منظف-الارضيات-6-حبه-3xلتر-3,L,18.0,18.0,9.5
9/14/2025,Gyms,Gyms,S1-Non-slip floor cleaner for gym floors and exercise areas,Floor cleaner,Floor Cleaner 6PcsX3 LTR,171.0,GoGreen,gogreen,https://gogreen.com.sa/products/كرتون-منظف-الارضيات-6-حبه-3xلتر-1,L,18.0,18.0,9.5
9/14/2025,Gyms,Gyms,S1-Non-slip floor cleaner for gym floors and exercise areas,Floor cleaner,Floor Cleaner 30 LTR,164.0,GoGreen,gogreen,https://gogreen.com.sa/products/منظف-الارضيات-30-لتر-2,L,30.0,30.0,5.466666666666667
9/14/2025,Gyms,Gyms,S1-Non-slip floor cleaner for gym floors and exercise areas,Floor cleaner,Floor Cleaner 30 LTR,164.0,GoGreen,gogreen,https://gogreen.com.sa/products/منظف-الارضيات-30-لتر,L,30.0,30.0,5.466666666666667
9/14/2025,Gyms,Gyms,S1-Non-slip floor cleaner for gym floors and exercise areas,Floor cleaner,Floor Cleaner 30 LTR,164.0,GoGreen,gogreen,https://gogreen.com.sa/products/منظف-الارضيات-30-لتر-3,L,30.0,30.0,5.466666666666667
9/14/2025,Gyms,Gyms,S1-Non-slip floor cleaner for gym floors and exercise areas,Floor cleaner,Floor Cleaner 30 LTR,164.0,GoGreen,gogreen,https://gogreen.com.sa/products/منظف-الارضيات-30-لتر-1,L,30.0,30.0,5.466666666666667
9/14/2025,Gyms,Gyms,S1-Non-slip floor cleaner for gym floors and exercise areas,Floor cleaner,Floor Cleaner 30 LTR,164.0,GoGreen,gogreen,https://gogreen.com.sa/products/منظف-الارضيات,L,30.0,30.0,5.466666666666667
9/14/2025,Gyms,Gyms,S1-Non-slip floor cleaner for gym floors and exercise areas,Floor cleaner,"Cleaner, Floor Cleaner 3 in 1, French Perfume (1 gallon x 25 liter)",110.0,Brand not found,officesupply,https://officesupply.sa/en/hygiene-supplies/cleaner-floor-cleaner-3-in-1-french-perfume-1-gallon-x-25-liter/,L,25.0,25.0,4.4
9/14/2025,Gyms,Gyms,S1-Non-slip floor cleaner for gym floors and exercise areas,Floor cleaner,"Cleaner,  All Purpose Liquid Cleaner 4 in 1 for Floors, Lemon Perfume (4 gallon x 4 liter) BOX",99.0,Brand not found,officesupply,https://officesupply.sa/en/hygiene-supplies/cleaner-all-purpose-liquid-cleaner-4-in-1-lemon-perfume-4-gallon-x-4-liter-box/,L,16.0,16.0,6.1875
9/14/2025,Gyms,Gyms,S1-Non-slip floor cleaner for gym floors and exercise areas,Floor cleaner,"Cleaner, All Purpose Liquid Cleaner 4 in 1 for Floors, Lavender Perfume (4 gallon x 4 liter) BOX",99.0,Brand not found,officesupply,https://officesupply.sa/en/hygiene-supplies/cleaner-all-purpose-liquid-cleaner-4-in-1-for-floors-lavender-perfume-4-gallon-x-4-liter-box/,L,16.0,16.0,6.1875
9/14/2025,Gyms,Gyms,S1-Non-slip floor cleaner for gym floors and exercise areas,Floor cleaner,"Cleaner, All Purpose Liquid Cleaner 4 in 1 for Floors, Kiwi Perfume (4 gallon x 4 liter) BOX",99.0,Brand not found,officesupply,https://officesupply.sa/en/hygiene-supplies/cleaner-all-purpose-liquid-cleaner-4-in-1-for-floors-kiwi-perfume-4-gallon-x-4-liter-box/,L,16.0,16.0,6.1875
9/14/2025,Gyms,Gyms,S1-Non-slip floor cleaner for gym floors and exercise areas,Floor cleaner,"Cleaner, All Purpose Liquid Cleaner 4 in 1 for Floors, Lavender  Perfume (1 gallon x 4 liter)",30.0,Brand not found,officesupply,https://officesupply.sa/en/hygiene-supplies/cleaner-all-purpose-liquid-cleaner-4-in-1-for-floors-lavender-perfume-1-gallon-x-4-liter/,L,4.0,4.0,7.5
9/14/2025,Gyms,Gyms,S1-Non-slip floor cleaner for gym floors and exercise areas,Floor cleaner,"Cleaner, All Purpose Liquid Cleaner 4 in 1, Lemon Perfume (1 gallon x 4 liter)",30.0,Brand not found,officesupply,https://officesupply.sa/en/hygiene-supplies/cleaner-all-purpose-liquid-cleaner-4-in-1-lemon-perfume-1-gallon-x-4-liter/,L,4.0,4.0,7.5
9/14/2025,Gyms,Gyms,S1-Hardwood and laminate floor cleaner,Floor cleaner,"Cleaner, Wood Floor Cleaner (4 gallon x 4 liter) BOX",220.0,Brand not found,officesupply,https://officesupply.sa/en/hygiene-supplies/cleaner-wood-floor-cleaner-4-gallon-x-4-liter-box/,L,16.0,16.0,13.75
9/14/2025,Gyms,Gyms,S1-Hardwood and laminate floor cleaner,Floor cleaner,"Cleaner, Wood Floor Cleaner (1 gallon x 4 liter)",60.0,Brand not found,officesupply,https://officesupply.sa/en/hygiene-supplies/cleaner-wood-floor-cleaner-1-gallon-x-4-liter/,L,4.0,4.0,15.0
9/14/2025,Gyms,Gyms,S1-High performance carpet shampoo,Carpet shampoo,Carpet Shampoo 8PcsX2 Ltr,144.0,GoGreen,gogreen,https://gogreen.com.sa/products/شامبو-غسيل-السجاد,L,16.0,16.0,9.0
9/14/2025,Gyms,Gyms,S1-Stain spot remover,Stain remover,Dry Stain Remover 12PcsX1 LTR,180.0,GoGreen,gogreen,https://gogreen.com.sa/products/مزيل-البقع-على-الجاف,L,12.0,12.0,15.0
9/14/2025,Gyms,Gyms,S2-Antibacterial hand soap,Hand soap,Anti-bacterial Hand Soap 12PCS X 350 ML,108.0,GoGreen,gogreen,https://gogreen.com.sa/products/كرتون-صابون-ايدي-مضاد-للبكتيريا-12-حبة-350-مل-3,ml,4200.0,4.2,25.71428571428571
9/14/2025,Gyms,Gyms,S2-Antibacterial hand soap,Hand soap,Anti-bacterial Hand Soap 12PCS X 350 ML,108.0,GoGreen,gogreen,https://gogreen.com.sa/products/كرتون-صابون-ايدي-مضاد-للبكتيريا-12-حبة-350-مل-1,ml,4200.0,4.2,25.71428571428571
9/14/2025,Gyms,Gyms,S2-Antibacterial hand soap,Hand soap,Anti-bacterial Hand Soap 12PCS X 350 ML,108.0,GoGreen,gogreen,https://gogreen.com.sa/products/كرتون-صابون-ايدي-مضاد-للبكتيريا-12-حبة-350-مل-4,ml,4200.0,4.2,25.71428571428571
9/14/2025,Gyms,Gyms,S2-Antibacterial hand soap,Hand soap,Anti-bacterial Hand Soap 12PCS X 350 ML,108.0,GoGreen,gogreen,https://gogreen.com.sa/products/كرتون-صابون-ايدي-مضاد-للبكتيريا-12-حبة-350-مل-2,ml,4200.0,4.2,25.71428571428571
9/14/2025,Gyms,Gyms,S2-Antibacterial hand soap,Hand soap,Anti-bacterial Hand Soap 12PCS X 350 ML,108.0,GoGreen,gogreen,https://gogreen.com.sa/products/كرتون-صابون-ايدي-مضاد-للبكتيريا-12-حبة-350-مل,ml,4200.0,4.2,25.71428571428571
9/14/2025,Gyms,Gyms,S2-Antibacterial hand soap,Hand soap,Anti-bacterial Hand Soap 4PCS X 5 LTR,160.0,GoGreen,gogreen,https://gogreen.com.sa/products/كرتون-صابون-ايدي-مضاد-للبكتيريا-4-حبة-5-لتر-2,L,20.0,20.0,8.0
9/14/2025,Gyms,Gyms,S2-Antibacterial hand soap,Hand soap,Anti-bacterial Hand Soap 4PCS X 5 LTR,160.0,GoGreen,gogreen,https://gogreen.com.sa/products/كرتون-صابون-ايدي-مضاد-للبكتيريا-4-حبة-5-لتر-1,L,20.0,20.0,8.0
9/14/2025,Gyms,Gyms,S2-Antibacterial hand soap,Hand soap,Anti-bacterial Hand Soap 4PCS X 5 LTR,160.0,GoGreen,gogreen,https://gogreen.com.sa/products/كرتون-صابون-ايدي-مضاد-للبكتيريا-4-حبة-5-لتر,L,20.0,20.0,8.0
9/14/2025,Gyms,Gyms,S2-Antibacterial hand soap,Hand soap,Anti-bacterial Hand Soap 4PCS X 5 LTR,160.0,GoGreen,gogreen,https://gogreen.com.sa/products/نسخة-من-كرتون-صابون-ايدي-مضاد-للبكتيريا-4-حبة-5-لتر-1,L,20.0,20.0,8.0
9/14/2025,Gyms,Gyms,S2-Antibacterial hand soap,Hand soap,"Foam Hand Wash, Elegance Perfume, 500 ml",15.0,Brand not found,officesupply,https://officesupply.sa/en/hygiene-supplies/500/,ml,500.0,0.5,30.0
9/14/2025,Gyms,Gyms,S2-Shower and tile cleaner,"Toilet, shower and tile cleaner","Cleaner, Bathroom Cleaner (1 bottle x 1000 ml)",12.0,Brand not found,officesupply,https://officesupply.sa/en/hygiene-supplies/cleaner-bathroom-cleaner-1-bottle-x-1000-ml/,ml,1000.0,1.0,12.0
9/14/2025,Gyms,Gyms,S2-Shower and tile cleaner,"Toilet, shower and tile cleaner","Cleaner, Bathroom Cleaner (12 bottle x 1000 ml) BOX",120.0,Brand not found,officesupply,https://officesupply.sa/en/hygiene-supplies/cleaner-bathroom-cleaner-12-bottle-x-1000-ml-box/,ml,12000.0,12.0,10.0
9/14/2025,Gyms,Gyms,S3-Broad-spectrum disinfectant for surfaces,Disinfectant and cleaner,Disinfectant 30 Ltr,96.0,Fine,fine,https://ksa.finestore.com/product/disinfectant-30-ltr/19900000100?p=1,L,30.0,30.0,3.2
9/14/2025,Gyms,Gyms,S3-Broad-spectrum disinfectant for surfaces,Disinfectant and cleaner,Antiseptic and Disinfectant 30 LTR,295.0,GoGreen,gogreen,https://gogreen.com.sa/products/كرتون-مطهر-و-معقم-ضد-الجراثيم-12-حبة-500-مل,L,30.0,30.0,9.833333333333334
9/14/2025,Gyms,Gyms,S3-Broad-spectrum disinfectant for surfaces,Disinfectant and cleaner,Antiseptic and Disinfectant 12 Pcs X 500 ML,156.0,GoGreen,gogreen,https://gogreen.com.sa/products/كرتون-مطهر-و-معقم-ضد-الجراثيم-12-حبة-750-مل,ml,6000.0,6.0,26.0
9/14/2025,Gyms,Gyms,S3-Broad-spectrum disinfectant for surfaces,Disinfectant and cleaner,Antiseptic and Disinfectant 12 Pcs X 750 ML,192.0,GoGreen,gogreen,https://gogreen.com.sa/products/مطهر-و-معقم-ضد-الجراثيم-5لتر,ml,9000.0,9.0,21.33333333333333
9/14/2025,Gyms,Gyms,S3-Broad-spectrum disinfectant for surfaces,Disinfectant and cleaner,Antiseptic and Disinfectant 5 LTR,65.0,GoGreen,gogreen,https://gogreen.com.sa/products/مطهر-و-معقم-ضد-الجراثيم-4حبة-5xلتر,L,5.0,5.0,13.0
9/14/2025,Gyms,Gyms,S3-Broad-spectrum disinfectant for surfaces,Disinfectant and cleaner,Antiseptic and Disinfectant 4x5 LTR,220.0,GoGreen,gogreen,https://gogreen.com.sa/products/مطهر-و-معقم-ضد-الجراثيم-1,L,20.0,20.0,11.0
9/14/2025,Gyms,Gyms,S3-Broad-spectrum disinfectant for surfaces,Disinfectant and cleaner,Surface Cleaner and Disinfectant 4PcsX5 LTR,230.0,GoGreen,gogreen,https://gogreen.com.sa/products/مطهر-ومعقم-الاسطح,L,20.0,20.0,11.5
9/14/2025,Gyms,Gyms,S3-Broad-spectrum disinfectant for surfaces,Disinfectant and cleaner,"Cleaner, General Disinfectant, Lavender Perfume (4 gallon x 4 liter) BOX",80.0,Brand not found,officesupply,https://officesupply.sa/en/hygiene-supplies/04-apr/,L,16.0,16.0,5.0
9/14/2025,Gyms,Gyms,S3-Broad-spectrum disinfectant for surfaces,Disinfectant and cleaner,"Cleaner, General Disinfectant, Dettol Perfume (4 gallon x 4 liter) BOX",85.0,Brand not found,officesupply,https://officesupply.sa/en/hygiene-supplies/4-4-ar/,L,16.0,16.0,5.3125
9/14/2025,Gyms,Gyms,S3-Broad-spectrum disinfectant for surfaces,Disinfectant and cleaner,"Cleaner, General Disinfectant, Dettol Perfume (1 gallon x 4 liter)",25.0,Brand not found,officesupply,https://officesupply.sa/en/hygiene-supplies/cleaner-general-disinfectant-dettol-perfume-1-gallon-x-4-liter/,L,4.0,4.0,6.25
9/14/2025,Gyms,Gyms,S3-Broad-spectrum disinfectant for surfaces,Disinfectant and cleaner,"Cleaner, General Disinfectant, Flowers Perfume (1 gallon x 4 liter)",25.0,Brand not found,officesupply,https://officesupply.sa/en/hygiene-supplies/cleaner-general-disinfectant-flowers-perfume-1-gallon-x-4-liter/,L,4.0,4.0,6.25
9/14/2025,Gyms,Gyms,S3-Broad-spectrum disinfectant for surfaces,Disinfectant and cleaner,"Cleaner, General Disinfectant, Flowers Perfume (4 gallon x 4 liter) BOX",80.0,Brand not found,officesupply,https://officesupply.sa/en/hygiene-supplies/cleaner-general-disinfectant-flowers-perfume-4-gallon-x-4-liter-box/,L,16.0,16.0,5.0
9/14/2025,Gyms,Gyms,S3-Broad-spectrum disinfectant for surfaces,Disinfectant and cleaner,"Cleaner, General Disinfectant, Lavender Perfume (1 gallon x 4 liter)",25.0,Brand not found,officesupply,https://officesupply.sa/en/hygiene-supplies/01-apr/,L,4.0,4.0,6.25
9/14/2025,Gyms,Gyms,S4-Stain remover for laundry,Stain remover,Stain Remover for Colores Clothes 12PCS X 1 LTR,144.0,GoGreen,gogreen,https://gogreen.com.sa/products/مزيل-البقع-للملابس-الملونة,L,12.0,12.0,12.0
9/14/2025,Gyms,Gyms,S4-Stain remover for laundry,Stain remover,Stain Remover for White Clothes 12PCS X 1 LTR,144.0,GoGreen,gogreen,https://gogreen.com.sa/products/مزيل-بقع-الملابس-البيضاء,L,12.0,12.0,12.0
9/14/2025,Gyms,Gyms,S4-Sanitizing fabric refresher for towels and sports clothes,Fabric refresher,Oud Majestic Air and Fabric Freshener - 500ml Bottle | unbranded,15.0,Brand not found,officesupply,https://officesupply.sa/en/hygiene-supplies/air-and-fabric-fresheners/oud-majestic-air-and-fabric-freshener/,ml,500.0,0.5,30.0
9/14/2025,Gyms,Gyms,S4-Sanitizing fabric refresher for towels and sports clothes,Fabric refresher,Fruity Air and Fabric Freshener (1 Bottle x 500ml),15.0,Brand not found,officesupply,https://officesupply.sa/en/hygiene-supplies/air-and-fabric-fresheners/fruity-air-and-fabric-freshener/,ml,500.0,0.5,30.0
9/14/2025,Gyms,Gyms,S4-Sanitizing fabric refresher for towels and sports clothes,Fabric refresher,Vanilla Air and Fabric Freshener - 500ml Bottle,15.0,Brand not found,officesupply,https://officesupply.sa/en/hygiene-supplies/air-and-fabric-fresheners/vanilla-air-and-fabric-freshener/,ml,500.0,0.5,30.0
9/14/2025,Gyms,Gyms,S4-Sanitizing fabric refresher for towels and sports clothes,Fabric refresher,Wild Raspberry Air and Fabric Freshener - Bulk Box (12 Bottles x 500ml),150.0,Brand not found,officesupply,https://officesupply.sa/en/hygiene-supplies/air-and-fabric-fresheners/wild-raspberry-air-and-fabric-freshener-bulk-box/,ml,6000.0,6.0,25.0
9/14/2025,Gyms,Gyms,S4-Sanitizing fabric refresher for towels and sports clothes,Fabric refresher,Spring Air and Fabric Freshener- 500ml Bottle,15.0,Brand not found,officesupply,https://officesupply.sa/en/hygiene-supplies/air-and-fabric-fresheners/spring-air-and-fabric-freshener/,ml,500.0,0.5,30.0
9/14/2025,Gyms,Gyms,S4-Sanitizing fabric refresher for towels and sports clothes,Fabric refresher,French Lavender Air & Fabric Freshener-500ml Bottle,15.0,Brand not found,officesupply,https://officesupply.sa/en/hygiene-supplies/air-and-fabric-fresheners/french-lavender-air-fabric-freshener/,ml,500.0,0.5,30.0
9/14/2025,Gyms,Gyms,S6-Air freshener,Air freshener,Flower Magic Air and Fabric Freshener - 500ml Bottle,15.0,Brand not found,officesupply,https://officesupply.sa/en/hygiene-supplies/air-and-fabric-fresheners/flower-magic-air-and-fabric-freshener/,ml,500.0,0.5,30.0
9/14/2025,Gyms,Gyms,S7-HVAC system cleaner,Disinfectant and cleaner,Air Conditioner and Coil Cleaner 4 PCS X 4LTR,460.0,GoGreen,gogreen,https://gogreen.com.sa/products/منظف-داخلي-وخارجي-لوحدة-التكييف-1,L,16.0,16.0,28.75
9/14/2025,Gyms,Gyms,S7-HVAC system cleaner,Disinfectant and cleaner,Air Conditioner and Coil Cleaner  5LTR,130.0,GoGreen,gogreen,https://gogreen.com.sa/products/منظف-داخلي-وخارجي-لوحدة-التكييف-2,L,5.0,5.0,26.0
9/14/2025,Gyms,Gyms,S7-HVAC system cleaner,Disinfectant and cleaner,Air Conditioner and Coil Cleaner 20 LTR,440.0,GoGreen,gogreen,https://gogreen.com.sa/products/منظف-داخلي-وخارجي-لوحدة-التكييف,L,20.0,20.0,22.0
9/14/2025,Spas and salons,Spas and salons,L1-General purpose cleaner,General purpose cleaner,"Cleaner, All Purpose Liquid Cleaner 4 in 1 for Floors, Kiwi Perfume (1 gallon x 4 liter)",30.0,Brand not found,officesupply,https://officesupply.sa/en/hygiene-supplies/cleaner-all-purpose-liquid-cleaner-4-in-1-for-floors-kiwi-perfume-1-gallon-x-4-liter/,L,4.0,4.0,7.5
9/14/2025,Spas and salons,Spas and salons,L1-Wood furniture cleaner,Furniture polish,Chemicals House Keeping Wax Furniture Polish Fine Solution Prime 500 ml White (Carton of 1x12) Citrus,122.54,Fine,fine,https://ksa.finestore.com/product/chemicals-house-keeping-wax-furniture-polish-fine-solution-prime-500-ml-white-carton-of-1x12-citrus/12701100065?p=1,ml,6000.0,6.0,20.423333333333336
9/14/2025,Spas and salons,Spas and salons,L1-General hard floor cleaner,Floor cleaner,Fine Solutions Clor 3.75Ltr Carton of 6,60.0,Fine,fine,https://ksa.finestore.com/product/fine-solutions-clor-375ltr-carton-of-6/19900000102?p=1,L,3.75,3.75,16.0
9/14/2025,Spas and salons,Spas and salons,L1-General hard floor cleaner,Floor cleaner,"Floor Cleaner, 4 Liters  X 4 Gallons",110.0,Fine,fine,https://ksa.finestore.com/product/floor-cleaner-4-liters-x-4-gallons/19900000081?p=1,L,16.0,16.0,6.875
9/14/2025,Spas and salons,Spas and salons,L1-General hard floor cleaner,Floor cleaner,Floor Cleaner 6PcsX3 LTR,171.0,GoGreen,gogreen,https://gogreen.com.sa/products/كرتون-منظف-الارضيات-6-حبه-3xلتر-2,L,18.0,18.0,9.5
9/14/2025,Spas and salons,Spas and salons,L1-General hard floor cleaner,Floor cleaner,Floor Cleaner 6PcsX3 LTR,171.0,GoGreen,gogreen,https://gogreen.com.sa/products/كرتون-منظف-الارضيات-6-حبه-3xلتر,L,18.0,18.0,9.5
9/14/2025,Spas and salons,Spas and salons,L1-General hard floor cleaner,Floor cleaner,Floor Cleaner 6PcsX3 LTR,171.0,GoGreen,gogreen,https://gogreen.com.sa/products/كرتون-منظف-الارضيات-6-حبه-3xلتر-3,L,18.0,18.0,9.5
9/14/2025,Spas and salons,Spas and salons,L1-General hard floor cleaner,Floor cleaner,Floor Cleaner 6PcsX3 LTR,171.0,GoGreen,gogreen,https://gogreen.com.sa/products/كرتون-منظف-الارضيات-6-حبه-3xلتر-1,L,18.0,18.0,9.5
9/14/2025,Spas and salons,Spas and salons,L1-General hard floor cleaner,Floor cleaner,Floor Cleaner 30 LTR,164.0,GoGreen,gogreen,https://gogreen.com.sa/products/منظف-الارضيات-30-لتر-2,L,30.0,30.0,5.466666666666667
9/14/2025,Spas and salons,Spas and salons,L1-General hard floor cleaner,Floor cleaner,Floor Cleaner 30 LTR,164.0,GoGreen,gogreen,https://gogreen.com.sa/products/منظف-الارضيات-30-لتر,L,30.0,30.0,5.466666666666667
9/14/2025,Spas and salons,Spas and salons,L1-General hard floor cleaner,Floor cleaner,Floor Cleaner 30 LTR,164.0,GoGreen,gogreen,https://gogreen.com.sa/products/منظف-الارضيات-30-لتر-3,L,30.0,30.0,5.466666666666667
9/14/2025,Spas and salons,Spas and salons,L1-General hard floor cleaner,Floor cleaner,Floor Cleaner 30 LTR,164.0,GoGreen,gogreen,https://gogreen.com.sa/products/منظف-الارضيات-30-لتر-1,L,30.0,30.0,5.466666666666667
9/14/2025,Spas and salons,Spas and salons,L1-General hard floor cleaner,Floor cleaner,Floor Cleaner 30 LTR,164.0,GoGreen,gogreen,https://gogreen.com.sa/products/منظف-الارضيات,L,30.0,30.0,5.466666666666667
9/14/2025,Spas and salons,Spas and salons,L1-General hard floor cleaner,Floor cleaner,"Cleaner, Floor Cleaner 3 in 1, French Perfume (1 gallon x 25 liter)",110.0,Brand not found,officesupply,https://officesupply.sa/en/hygiene-supplies/cleaner-floor-cleaner-3-in-1-french-perfume-1-gallon-x-25-liter/,L,25.0,25.0,4.4
9/14/2025,Spas and salons,Spas and salons,L1-General hard floor cleaner,Floor cleaner,"Cleaner,  All Purpose Liquid Cleaner 4 in 1 for Floors, Lemon Perfume (4 gallon x 4 liter) BOX",99.0,Brand not found,officesupply,https://officesupply.sa/en/hygiene-supplies/cleaner-all-purpose-liquid-cleaner-4-in-1-lemon-perfume-4-gallon-x-4-liter-box/,L,16.0,16.0,6.1875
9/14/2025,Spas and salons,Spas and salons,L1-General hard floor cleaner,Floor cleaner,"Cleaner, All Purpose Liquid Cleaner 4 in 1 for Floors, Lavender Perfume (4 gallon x 4 liter) BOX",99.0,Brand not found,officesupply,https://officesupply.sa/en/hygiene-supplies/cleaner-all-purpose-liquid-cleaner-4-in-1-for-floors-lavender-perfume-4-gallon-x-4-liter-box/,L,16.0,16.0,6.1875
9/14/2025,Spas and salons,Spas and salons,L1-General hard floor cleaner,Floor cleaner,"Cleaner, All Purpose Liquid Cleaner 4 in 1 for Floors, Kiwi Perfume (4 gallon x 4 liter) BOX",99.0,Brand not found,officesupply,https://officesupply.sa/en/hygiene-supplies/cleaner-all-purpose-liquid-cleaner-4-in-1-for-floors-kiwi-perfume-4-gallon-x-4-liter-box/,L,16.0,16.0,6.1875
9/14/2025,Spas and salons,Spas and salons,L1-General hard floor cleaner,Floor cleaner,"Cleaner, All Purpose Liquid Cleaner 4 in 1 for Floors, Lavender  Perfume (1 gallon x 4 liter)",30.0,Brand not found,officesupply,https://officesupply.sa/en/hygiene-supplies/cleaner-all-purpose-liquid-cleaner-4-in-1-for-floors-lavender-perfume-1-gallon-x-4-liter/,L,4.0,4.0,7.5
9/14/2025,Spas and salons,Spas and salons,L1-General hard floor cleaner,Floor cleaner,"Cleaner, All Purpose Liquid Cleaner 4 in 1, Lemon Perfume (1 gallon x 4 liter)",30.0,Brand not found,officesupply,https://officesupply.sa/en/hygiene-supplies/cleaner-all-purpose-liquid-cleaner-4-in-1-lemon-perfume-1-gallon-x-4-liter/,L,4.0,4.0,7.5
9/14/2025,Spas and salons,Spas and salons,L1-Hardwood and laminate floor cleaner,Floor cleaner,"Cleaner, Wood Floor Cleaner (4 gallon x 4 liter) BOX",220.0,Brand not found,officesupply,https://officesupply.sa/en/hygiene-supplies/cleaner-wood-floor-cleaner-4-gallon-x-4-liter-box/,L,16.0,16.0,13.75
9/14/2025,Spas and salons,Spas and salons,L1-Hardwood and laminate floor cleaner,Floor cleaner,"Cleaner, Wood Floor Cleaner (1 gallon x 4 liter)",60.0,Brand not found,officesupply,https://officesupply.sa/en/hygiene-supplies/cleaner-wood-floor-cleaner-1-gallon-x-4-liter/,L,4.0,4.0,15.0
9/14/2025,Spas and salons,Spas and salons,L1-High performance carpet shampoo,Carpet shampoo,Carpet Shampoo 8PcsX2 Ltr,144.0,GoGreen,gogreen,https://gogreen.com.sa/products/شامبو-غسيل-السجاد,L,16.0,16.0,9.0
9/14/2025,Spas and salons,Spas and salons,L1-Stain spot remover,Stain remover,Dry Stain Remover 12PcsX1 LTR,180.0,GoGreen,gogreen,https://gogreen.com.sa/products/مزيل-البقع-على-الجاف,L,12.0,12.0,15.0
9/14/2025,Spas and salons,Spas and salons,L1-Stain spot remover,Stain remover,Stain Remover for Colores Clothes 12PCS X 1 LTR,144.0,GoGreen,gogreen,https://gogreen.com.sa/products/مزيل-البقع-للملابس-الملونة,L,12.0,12.0,12.0
9/14/2025,Spas and salons,Spas and salons,L1-Stain spot remover,Stain remover,Stain Remover for White Clothes 12PCS X 1 LTR,144.0,GoGreen,gogreen,https://gogreen.com.sa/products/مزيل-بقع-الملابس-البيضاء,L,12.0,12.0,12.0
9/14/2025,Spas and salons,Spas and salons,L1-Streak-free glass cleaner for mirrors and windows,Glass cleaner,Glass Cleaner 650 ML - 12 Bottles,58.0,Fine,fine,https://ksa.finestore.com/product/glass-cleaner-650-ml-12-bottles/19900000103?p=1,ml,7800.0,7.8,7.435897435897436
9/14/2025,Spas and salons,Spas and salons,L1-Streak-free glass cleaner for mirrors and windows,Glass cleaner,"Glass Cleaner ,4 Liters  X 4 Gallons",69.0,Fine,fine,https://ksa.finestore.com/product/glass-cleaner-4-liters-x-4-gallons/19900000101?p=1,L,16.0,16.0,4.3125
9/14/2025,Spas and salons,Spas and salons,L1-Streak-free glass cleaner for mirrors and windows,Glass cleaner,Glass Cleaner 5 LTR,39.0,GoGreen,gogreen,https://gogreen.com.sa/products/ملمع-الزجاج-3,L,5.0,5.0,7.8
9/14/2025,Spas and salons,Spas and salons,L1-Streak-free glass cleaner for mirrors and windows,Glass cleaner,Glass Cleaner 12PcsX650 ML,120.0,GoGreen,gogreen,https://gogreen.com.sa/products/ملمع-الزجاج-2,ml,7800.0,7.8,15.384615384615383
9/14/2025,Spas and salons,Spas and salons,L1-Streak-free glass cleaner for mirrors and windows,Glass cleaner,Glass Cleaner 4PcsX5 LTR,139.0,GoGreen,gogreen,https://gogreen.com.sa/products/ملمع-الزجاج-1,L,20.0,20.0,6.95
9/14/2025,Spas and salons,Spas and salons,L1-Streak-free glass cleaner for mirrors and windows,Glass cleaner,"Cleaner, Glass Cleaner (1 gallon x 4 liter)",25.0,Brand not found,officesupply,https://officesupply.sa/en/hygiene-supplies/cleaner-glass-cleaner-1-gallon-x-4-liter/,L,4.0,4.0,6.25
9/14/2025,Spas and salons,Spas and salons,L1-Streak-free glass cleaner for mirrors and windows,Glass cleaner,"Cleaner, Glass Cleaner (1 bottle x 700 ml)",8.0,Brand not found,officesupply,https://officesupply.sa/en/hygiene-supplies/cleaner-glass-cleaner-1-bottle-x-700-ml/,ml,700.0,0.7,11.428571428571429
9/14/2025,Spas and salons,Spas and salons,L1-Streak-free glass cleaner for mirrors and windows,Glass cleaner,"Cleaner, Glass Cleaner (12 bottle x 700 ml) BOX",70.0,Brand not found,officesupply,https://officesupply.sa/en/hygiene-supplies/cleaner-glass-cleaner-12-bottle-x-700-ml-box/,ml,8400.0,8.4,8.333333333333332
9/14/2025,Spas and salons,Spas and salons,L1-Streak-free glass cleaner for mirrors and windows,Glass cleaner,"Cleaner, Glass Cleaner (4 gallon x 4 liter) BOX",90.0,Brand not found,officesupply,https://officesupply.sa/en/hygiene-supplies/1-4-clone/,L,16.0,16.0,5.625
9/14/2025,Spas and salons,Spas and salons,L1-Streak-free glass cleaner for mirrors and windows,Glass cleaner,Glass Cleaner 650 ml x 12 bottles,65.0,Brand not found,officesupply,https://officesupply.sa/en/hygiene-supplies/hygiene-materials/glass-cleaner-650-ml-x-12-bottles/,ml,650.0,0.65,100.0
9/14/2025,Spas and salons,Spas and salons,L2-Broad-spectrum disinfectant for spas and salons equipment,Disinfectant and cleaner,Disinfectant 30 Ltr,96.0,Fine,fine,https://ksa.finestore.com/product/disinfectant-30-ltr/19900000100?p=1,L,30.0,30.0,3.2
9/14/2025,Spas and salons,Spas and salons,L2-Broad-spectrum disinfectant for spas and salons equipment,Disinfectant and cleaner,Antiseptic and Disinfectant 30 LTR,295.0,GoGreen,gogreen,https://gogreen.com.sa/products/كرتون-مطهر-و-معقم-ضد-الجراثيم-12-حبة-500-مل,L,30.0,30.0,9.833333333333334
9/14/2025,Spas and salons,Spas and salons,L2-Broad-spectrum disinfectant for spas and salons equipment,Disinfectant and cleaner,Antiseptic and Disinfectant 12 Pcs X 500 ML,156.0,GoGreen,gogreen,https://gogreen.com.sa/products/كرتون-مطهر-و-معقم-ضد-الجراثيم-12-حبة-750-مل,ml,6000.0,6.0,26.0
9/14/2025,Spas and salons,Spas and salons,L2-Broad-spectrum disinfectant for spas and salons equipment,Disinfectant and cleaner,Antiseptic and Disinfectant 12 Pcs X 750 ML,192.0,GoGreen,gogreen,https://gogreen.com.sa/products/مطهر-و-معقم-ضد-الجراثيم-5لتر,ml,9000.0,9.0,21.33333333333333
9/14/2025,Spas and salons,Spas and salons,L2-Broad-spectrum disinfectant for spas and salons equipment,Disinfectant and cleaner,Antiseptic and Disinfectant 5 LTR,65.0,GoGreen,gogreen,https://gogreen.com.sa/products/مطهر-و-معقم-ضد-الجراثيم-4حبة-5xلتر,L,5.0,5.0,13.0
9/14/2025,Spas and salons,Spas and salons,L2-Broad-spectrum disinfectant for spas and salons equipment,Disinfectant and cleaner,Antiseptic and Disinfectant 4x5 LTR,220.0,GoGreen,gogreen,https://gogreen.com.sa/products/مطهر-و-معقم-ضد-الجراثيم-1,L,20.0,20.0,11.0
9/14/2025,Spas and salons,Spas and salons,L2-Broad-spectrum disinfectant for spas and salons equipment,Disinfectant and cleaner,Surface Cleaner and Disinfectant 4PcsX5 LTR,230.0,GoGreen,gogreen,https://gogreen.com.sa/products/مطهر-ومعقم-الاسطح,L,20.0,20.0,11.5
9/14/2025,Spas and salons,Spas and salons,L2-Broad-spectrum disinfectant for spas and salons equipment,Disinfectant and cleaner,"Cleaner, General Disinfectant, Lavender Perfume (4 gallon x 4 liter) BOX",80.0,Brand not found,officesupply,https://officesupply.sa/en/hygiene-supplies/04-apr/,L,16.0,16.0,5.0
9/14/2025,Spas and salons,Spas and salons,L2-Broad-spectrum disinfectant for spas and salons equipment,Disinfectant and cleaner,"Cleaner, General Disinfectant, Dettol Perfume (4 gallon x 4 liter) BOX",85.0,Brand not found,officesupply,https://officesupply.sa/en/hygiene-supplies/4-4-ar/,L,16.0,16.0,5.3125
9/14/2025,Spas and salons,Spas and salons,L2-Broad-spectrum disinfectant for spas and salons equipment,Disinfectant and cleaner,"Cleaner, General Disinfectant, Dettol Perfume (1 gallon x 4 liter)",25.0,Brand not found,officesupply,https://officesupply.sa/en/hygiene-supplies/cleaner-general-disinfectant-dettol-perfume-1-gallon-x-4-liter/,L,4.0,4.0,6.25
9/14/2025,Spas and salons,Spas and salons,L2-Broad-spectrum disinfectant for spas and salons equipment,Disinfectant and cleaner,"Cleaner, General Disinfectant, Flowers Perfume (1 gallon x 4 liter)",25.0,Brand not found,officesupply,https://officesupply.sa/en/hygiene-supplies/cleaner-general-disinfectant-flowers-perfume-1-gallon-x-4-liter/,L,4.0,4.0,6.25
9/14/2025,Spas and salons,Spas and salons,L2-Broad-spectrum disinfectant for spas and salons equipment,Disinfectant and cleaner,"Cleaner, General Disinfectant, Flowers Perfume (4 gallon x 4 liter) BOX",80.0,Brand not found,officesupply,https://officesupply.sa/en/hygiene-supplies/cleaner-general-disinfectant-flowers-perfume-4-gallon-x-4-liter-box/,L,16.0,16.0,5.0
9/14/2025,Spas and salons,Spas and salons,L2-Broad-spectrum disinfectant for spas and salons equipment,Disinfectant and cleaner,"Cleaner, General Disinfectant, Lavender Perfume (1 gallon x 4 liter)",25.0,Brand not found,officesupply,https://officesupply.sa/en/hygiene-supplies/01-apr/,L,4.0,4.0,6.25
9/14/2025,Spas and salons,Spas and salons,L3-Antibacterial hand soap,Hand soap,Liquid Soap Fine Solutions Smart 4 (Carton of 01x4),110.0,Fine,fine,https://ksa.finestore.com/product/liquid-soap-fine-solutions-smart-4-carton-of-01x4/KSA-11603400020?p=1,L,16.0,16.0,6.875
9/14/2025,Spas and salons,Spas and salons,L3-Antibacterial hand soap,Hand soap,Anti-bacterial Hand Soap 12PCS X 350 ML,108.0,GoGreen,gogreen,https://gogreen.com.sa/products/كرتون-صابون-ايدي-مضاد-للبكتيريا-12-حبة-350-مل-3,ml,4200.0,4.2,25.71428571428571
9/14/2025,Spas and salons,Spas and salons,L3-Antibacterial hand soap,Hand soap,Anti-bacterial Hand Soap 12PCS X 350 ML,108.0,GoGreen,gogreen,https://gogreen.com.sa/products/كرتون-صابون-ايدي-مضاد-للبكتيريا-12-حبة-350-مل-1,ml,4200.0,4.2,25.71428571428571
9/14/2025,Spas and salons,Spas and salons,L3-Antibacterial hand soap,Hand soap,Anti-bacterial Hand Soap 12PCS X 350 ML,108.0,GoGreen,gogreen,https://gogreen.com.sa/products/كرتون-صابون-ايدي-مضاد-للبكتيريا-12-حبة-350-مل-4,ml,4200.0,4.2,25.71428571428571
9/14/2025,Spas and salons,Spas and salons,L3-Antibacterial hand soap,Hand soap,Anti-bacterial Hand Soap 12PCS X 350 ML,108.0,GoGreen,gogreen,https://gogreen.com.sa/products/كرتون-صابون-ايدي-مضاد-للبكتيريا-12-حبة-350-مل-2,ml,4200.0,4.2,25.71428571428571
9/14/2025,Spas and salons,Spas and salons,L3-Antibacterial hand soap,Hand soap,Anti-bacterial Hand Soap 12PCS X 350 ML,108.0,GoGreen,gogreen,https://gogreen.com.sa/products/كرتون-صابون-ايدي-مضاد-للبكتيريا-12-حبة-350-مل,ml,4200.0,4.2,25.71428571428571
9/14/2025,Spas and salons,Spas and salons,L3-Antibacterial hand soap,Hand soap,Anti-bacterial Hand Soap 4PCS X 5 LTR,160.0,GoGreen,gogreen,https://gogreen.com.sa/products/كرتون-صابون-ايدي-مضاد-للبكتيريا-4-حبة-5-لتر-2,L,20.0,20.0,8.0
9/14/2025,Spas and salons,Spas and salons,L3-Antibacterial hand soap,Hand soap,Anti-bacterial Hand Soap 4PCS X 5 LTR,160.0,GoGreen,gogreen,https://gogreen.com.sa/products/كرتون-صابون-ايدي-مضاد-للبكتيريا-4-حبة-5-لتر-1,L,20.0,20.0,8.0
9/14/2025,Spas and salons,Spas and salons,L3-Antibacterial hand soap,Hand soap,Anti-bacterial Hand Soap 4PCS X 5 LTR,160.0,GoGreen,gogreen,https://gogreen.com.sa/products/كرتون-صابون-ايدي-مضاد-للبكتيريا-4-حبة-5-لتر,L,20.0,20.0,8.0
9/14/2025,Spas and salons,Spas and salons,L3-Antibacterial hand soap,Hand soap,Anti-bacterial Hand Soap 4PCS X 5 LTR,160.0,GoGreen,gogreen,https://gogreen.com.sa/products/نسخة-من-كرتون-صابون-ايدي-مضاد-للبكتيريا-4-حبة-5-لتر-1,L,20.0,20.0,8.0
9/14/2025,Spas and salons,Spas and salons,L3-Antibacterial hand soap,Hand soap,"Foam Hand Wash, Elegance Perfume, 500 ml",15.0,Brand not found,officesupply,https://officesupply.sa/en/hygiene-supplies/500/,ml,500.0,0.5,30.0
9/14/2025,Spas and salons,Spas and salons,L3-Shower and tile cleaner,"Toilet, shower and tile cleaner","Cleaner, Bathroom Cleaner (1 bottle x 1000 ml)",12.0,Brand not found,officesupply,https://officesupply.sa/en/hygiene-supplies/cleaner-bathroom-cleaner-1-bottle-x-1000-ml/,ml,1000.0,1.0,12.0
9/14/2025,Spas and salons,Spas and salons,L3-Shower and tile cleaner,"Toilet, shower and tile cleaner","Cleaner, Bathroom Cleaner (12 bottle x 1000 ml) BOX",120.0,Brand not found,officesupply,https://officesupply.sa/en/hygiene-supplies/cleaner-bathroom-cleaner-12-bottle-x-1000-ml-box/,ml,12000.0,12.0,10.0
9/14/2025,Spas and salons,Spas and salons,L4-Air freshener,Air freshener,Flower Magic Air and Fabric Freshener - 500ml Bottle,15.0,Brand not found,officesupply,https://officesupply.sa/en/hygiene-supplies/air-and-fabric-fresheners/flower-magic-air-and-fabric-freshener/,ml,500.0,0.5,30.0
9/14/2025,Spas and salons,Spas and salons,L5-HVAC system cleaner,Disinfectant and cleaner,Air Conditioner and Coil Cleaner 4 PCS X 4LTR,460.0,GoGreen,gogreen,https://gogreen.com.sa/products/منظف-داخلي-وخارجي-لوحدة-التكييف-1,L,16.0,16.0,28.75
9/14/2025,Spas and salons,Spas and salons,L5-HVAC system cleaner,Disinfectant and cleaner,Air Conditioner and Coil Cleaner  5LTR,130.0,GoGreen,gogreen,https://gogreen.com.sa/products/منظف-داخلي-وخارجي-لوحدة-التكييف-2,L,5.0,5.0,26.0
9/14/2025,Spas and salons,Spas and salons,L5-HVAC system cleaner,Disinfectant and cleaner,Air Conditioner and Coil Cleaner 20 LTR,440.0,GoGreen,gogreen,https://gogreen.com.sa/products/منظف-داخلي-وخارجي-لوحدة-التكييف,L,20.0,20.0,22.0
9/14/2025,Spas and salons,Spas and salons,L6-Stain remover for laundry,Stain remover,Dry Stain Remover 12PcsX1 LTR,180.0,GoGreen,gogreen,https://gogreen.com.sa/products/مزيل-البقع-على-الجاف,L,12.0,12.0,15.0
9/14/2025,Spas and salons,Spas and salons,L6-Stain remover for laundry,Stain remover,Stain Remover for Colores Clothes 12PCS X 1 LTR,144.0,GoGreen,gogreen,https://gogreen.com.sa/products/مزيل-البقع-للملابس-الملونة,L,12.0,12.0,12.0
9/14/2025,Spas and salons,Spas and salons,L6-Stain remover for laundry,Stain remover,Stain Remover for White Clothes 12PCS X 1 LTR,144.0,GoGreen,gogreen,https://gogreen.com.sa/products/مزيل-بقع-الملابس-البيضاء,L,12.0,12.0,12.0
9/14/2025,Spas and salons,Spas and salons,L6-Sanitizing fabric refresher for towels,Fabric refresher,Oud Majestic Air and Fabric Freshener - 500ml Bottle | unbranded,15.0,Brand not found,officesupply,https://officesupply.sa/en/hygiene-supplies/air-and-fabric-fresheners/oud-majestic-air-and-fabric-freshener/,ml,500.0,0.5,30.0
9/14/2025,Spas and salons,Spas and salons,L6-Sanitizing fabric refresher for towels,Fabric refresher,Fruity Air and Fabric Freshener (1 Bottle x 500ml),15.0,Brand not found,officesupply,https://officesupply.sa/en/hygiene-supplies/air-and-fabric-fresheners/fruity-air-and-fabric-freshener/,ml,500.0,0.5,30.0
9/14/2025,Spas and salons,Spas and salons,L6-Sanitizing fabric refresher for towels,Fabric refresher,Vanilla Air and Fabric Freshener - 500ml Bottle,15.0,Brand not found,officesupply,https://officesupply.sa/en/hygiene-supplies/air-and-fabric-fresheners/vanilla-air-and-fabric-freshener/,ml,500.0,0.5,30.0
9/14/2025,Spas and salons,Spas and salons,L6-Sanitizing fabric refresher for towels,Fabric refresher,Wild Raspberry Air and Fabric Freshener - Bulk Box (12 Bottles x 500ml),150.0,Brand not found,officesupply,https://officesupply.sa/en/hygiene-supplies/air-and-fabric-fresheners/wild-raspberry-air-and-fabric-freshener-bulk-box/,ml,6000.0,6.0,25.0
9/14/2025,Spas and salons,Spas and salons,L6-Sanitizing fabric refresher for towels,Fabric refresher,Spring Air and Fabric Freshener- 500ml Bottle,15.0,Brand not found,officesupply,https://officesupply.sa/en/hygiene-supplies/air-and-fabric-fresheners/spring-air-and-fabric-freshener/,ml,500.0,0.5,30.0
9/14/2025,Spas and salons,Spas and salons,L6-Sanitizing fabric refresher for towels,Fabric refresher,French Lavender Air & Fabric Freshener-500ml Bottle,15.0,Brand not found,officesupply,https://officesupply.sa/en/hygiene-supplies/air-and-fabric-fresheners/french-lavender-air-fabric-freshener/,ml,500.0,0.5,30.0
9/14/2025,Hotels,Hotels,E1-General purpose cleaner,General purpose cleaner,"Cleaner, All Purpose Liquid Cleaner 4 in 1 for Floors, Kiwi Perfume (1 gallon x 4 liter)",30.0,Brand not found,officesupply,https://officesupply.sa/en/hygiene-supplies/cleaner-all-purpose-liquid-cleaner-4-in-1-for-floors-kiwi-perfume-1-gallon-x-4-liter/,L,4.0,4.0,7.5
9/14/2025,Hotels,Hotels,E1-Wood furniture cleaner,Furniture polish,Chemicals House Keeping Wax Furniture Polish Fine Solution Prime 500 ml White (Carton of 1x12) Citrus,122.54,Fine,fine,https://ksa.finestore.com/product/chemicals-house-keeping-wax-furniture-polish-fine-solution-prime-500-ml-white-carton-of-1x12-citrus/12701100065?p=1,ml,6000.0,6.0,20.423333333333336
9/14/2025,Hotels,Hotels,E1-Leather cleaner,Leather and vinyl cleaner,"Cleaner, Leather Cleaner & Conditioner (12 bottle x 700 ml)",130.0,Brand not found,officesupply,https://officesupply.sa/en/hygiene-supplies/cleaner-leather-cleaner-and-conditioner-12-bottle-x-700-ml/,ml,8400.0,8.4,15.476190476190476
9/14/2025,Hotels,Hotels,E1-Leather cleaner,Leather and vinyl cleaner,"Cleaner, Leather Cleaner & Conditioner (1 bottle x 700 ml)",13.0,Brand not found,officesupply,https://officesupply.sa/en/hygiene-supplies/12-700-clone/,ml,700.0,0.7,18.571428571428573
9/14/2025,Hotels,Hotels,E2-General hard floor cleaner,Floor cleaner,Fine Solutions Clor 3.75Ltr Carton of 6,60.0,Fine,fine,https://ksa.finestore.com/product/fine-solutions-clor-375ltr-carton-of-6/19900000102?p=1,L,3.75,3.75,16.0
9/14/2025,Hotels,Hotels,E2-General hard floor cleaner,Floor cleaner,"Floor Cleaner, 4 Liters  X 4 Gallons",110.0,Fine,fine,https://ksa.finestore.com/product/floor-cleaner-4-liters-x-4-gallons/19900000081?p=1,L,16.0,16.0,6.875
9/14/2025,Hotels,Hotels,E2-General hard floor cleaner,Floor cleaner,Floor Cleaner 6PcsX3 LTR,171.0,GoGreen,gogreen,https://gogreen.com.sa/products/كرتون-منظف-الارضيات-6-حبه-3xلتر-2,L,18.0,18.0,9.5
9/14/2025,Hotels,Hotels,E2-General hard floor cleaner,Floor cleaner,Floor Cleaner 6PcsX3 LTR,171.0,GoGreen,gogreen,https://gogreen.com.sa/products/كرتون-منظف-الارضيات-6-حبه-3xلتر,L,18.0,18.0,9.5
9/14/2025,Hotels,Hotels,E2-General hard floor cleaner,Floor cleaner,Floor Cleaner 6PcsX3 LTR,171.0,GoGreen,gogreen,https://gogreen.com.sa/products/كرتون-منظف-الارضيات-6-حبه-3xلتر-3,L,18.0,18.0,9.5
9/14/2025,Hotels,Hotels,E2-General hard floor cleaner,Floor cleaner,Floor Cleaner 6PcsX3 LTR,171.0,GoGreen,gogreen,https://gogreen.com.sa/products/كرتون-منظف-الارضيات-6-حبه-3xلتر-1,L,18.0,18.0,9.5
9/14/2025,Hotels,Hotels,E2-General hard floor cleaner,Floor cleaner,Floor Cleaner 30 LTR,164.0,GoGreen,gogreen,https://gogreen.com.sa/products/منظف-الارضيات-30-لتر-2,L,30.0,30.0,5.466666666666667
9/14/2025,Hotels,Hotels,E2-General hard floor cleaner,Floor cleaner,Floor Cleaner 30 LTR,164.0,GoGreen,gogreen,https://gogreen.com.sa/products/منظف-الارضيات-30-لتر,L,30.0,30.0,5.466666666666667
9/14/2025,Hotels,Hotels,E2-General hard floor cleaner,Floor cleaner,Floor Cleaner 30 LTR,164.0,GoGreen,gogreen,https://gogreen.com.sa/products/منظف-الارضيات-30-لتر-3,L,30.0,30.0,5.466666666666667
9/14/2025,Hotels,Hotels,E2-General hard floor cleaner,Floor cleaner,Floor Cleaner 30 LTR,164.0,GoGreen,gogreen,https://gogreen.com.sa/products/منظف-الارضيات-30-لتر-1,L,30.0,30.0,5.466666666666667
9/14/2025,Hotels,Hotels,E2-General hard floor cleaner,Floor cleaner,Floor Cleaner 30 LTR,164.0,GoGreen,gogreen,https://gogreen.com.sa/products/منظف-الارضيات,L,30.0,30.0,5.466666666666667
9/14/2025,Hotels,Hotels,E2-General hard floor cleaner,Floor cleaner,"Cleaner, Floor Cleaner 3 in 1, French Perfume (1 gallon x 25 liter)",110.0,Brand not found,officesupply,https://officesupply.sa/en/hygiene-supplies/cleaner-floor-cleaner-3-in-1-french-perfume-1-gallon-x-25-liter/,L,25.0,25.0,4.4
9/14/2025,Hotels,Hotels,E2-General hard floor cleaner,Floor cleaner,"Cleaner,  All Purpose Liquid Cleaner 4 in 1 for Floors, Lemon Perfume (4 gallon x 4 liter) BOX",99.0,Brand not found,officesupply,https://officesupply.sa/en/hygiene-supplies/cleaner-all-purpose-liquid-cleaner-4-in-1-lemon-perfume-4-gallon-x-4-liter-box/,L,16.0,16.0,6.1875
9/14/2025,Hotels,Hotels,E2-General hard floor cleaner,Floor cleaner,"Cleaner, All Purpose Liquid Cleaner 4 in 1 for Floors, Lavender Perfume (4 gallon x 4 liter) BOX",99.0,Brand not found,officesupply,https://officesupply.sa/en/hygiene-supplies/cleaner-all-purpose-liquid-cleaner-4-in-1-for-floors-lavender-perfume-4-gallon-x-4-liter-box/,L,16.0,16.0,6.1875
9/14/2025,Hotels,Hotels,E2-General hard floor cleaner,Floor cleaner,"Cleaner, All Purpose Liquid Cleaner 4 in 1 for Floors, Kiwi Perfume (4 gallon x 4 liter) BOX",99.0,Brand not found,officesupply,https://officesupply.sa/en/hygiene-supplies/cleaner-all-purpose-liquid-cleaner-4-in-1-for-floors-kiwi-perfume-4-gallon-x-4-liter-box/,L,16.0,16.0,6.1875
9/14/2025,Hotels,Hotels,E2-General hard floor cleaner,Floor cleaner,"Cleaner, All Purpose Liquid Cleaner 4 in 1 for Floors, Lavender  Perfume (1 gallon x 4 liter)",30.0,Brand not found,officesupply,https://officesupply.sa/en/hygiene-supplies/cleaner-all-purpose-liquid-cleaner-4-in-1-for-floors-lavender-perfume-1-gallon-x-4-liter/,L,4.0,4.0,7.5
9/14/2025,Hotels,Hotels,E2-General hard floor cleaner,Floor cleaner,"Cleaner, All Purpose Liquid Cleaner 4 in 1, Lemon Perfume (1 gallon x 4 liter)",30.0,Brand not found,officesupply,https://officesupply.sa/en/hygiene-supplies/cleaner-all-purpose-liquid-cleaner-4-in-1-lemon-perfume-1-gallon-x-4-liter/,L,4.0,4.0,7.5
9/14/2025,Hotels,Hotels,E2-High performance carpet shampoo,Carpet shampoo,Carpet Shampoo 8PcsX2 Ltr,144.0,GoGreen,gogreen,https://gogreen.com.sa/products/شامبو-غسيل-السجاد,L,16.0,16.0,9.0
9/14/2025,Hotels,Hotels,E2-Stain spot remover,Stain remover,Dry Stain Remover 12PcsX1 LTR,180.0,GoGreen,gogreen,https://gogreen.com.sa/products/مزيل-البقع-على-الجاف,L,12.0,12.0,15.0
9/14/2025,Hotels,Hotels,E2-Hardwood and laminate floor cleaner,Floor cleaner,"Cleaner, Wood Floor Cleaner (4 gallon x 4 liter) BOX",220.0,Brand not found,officesupply,https://officesupply.sa/en/hygiene-supplies/cleaner-wood-floor-cleaner-4-gallon-x-4-liter-box/,L,16.0,16.0,13.75
9/14/2025,Hotels,Hotels,E2-Hardwood and laminate floor cleaner,Floor cleaner,"Cleaner, Wood Floor Cleaner (1 gallon x 4 liter)",60.0,Brand not found,officesupply,https://officesupply.sa/en/hygiene-supplies/cleaner-wood-floor-cleaner-1-gallon-x-4-liter/,L,4.0,4.0,15.0
9/14/2025,Hotels,Hotels,"E3-Broad-spectrum disinfectant for surfaces, mattress and touchpoints",Disinfectant and cleaner,Disinfectant 30 Ltr,96.0,Fine,fine,https://ksa.finestore.com/product/disinfectant-30-ltr/19900000100?p=1,L,30.0,30.0,3.2
9/14/2025,Hotels,Hotels,"E3-Broad-spectrum disinfectant for surfaces, mattress and touchpoints",Disinfectant and cleaner,Antiseptic and Disinfectant 30 LTR,295.0,GoGreen,gogreen,https://gogreen.com.sa/products/كرتون-مطهر-و-معقم-ضد-الجراثيم-12-حبة-500-مل,L,30.0,30.0,9.833333333333334
9/14/2025,Hotels,Hotels,"E3-Broad-spectrum disinfectant for surfaces, mattress and touchpoints",Disinfectant and cleaner,Antiseptic and Disinfectant 12 Pcs X 500 ML,156.0,GoGreen,gogreen,https://gogreen.com.sa/products/كرتون-مطهر-و-معقم-ضد-الجراثيم-12-حبة-750-مل,ml,6000.0,6.0,26.0
9/14/2025,Hotels,Hotels,"E3-Broad-spectrum disinfectant for surfaces, mattress and touchpoints",Disinfectant and cleaner,Antiseptic and Disinfectant 12 Pcs X 750 ML,192.0,GoGreen,gogreen,https://gogreen.com.sa/products/مطهر-و-معقم-ضد-الجراثيم-5لتر,ml,9000.0,9.0,21.33333333333333
9/14/2025,Hotels,Hotels,"E3-Broad-spectrum disinfectant for surfaces, mattress and touchpoints",Disinfectant and cleaner,Antiseptic and Disinfectant 5 LTR,65.0,GoGreen,gogreen,https://gogreen.com.sa/products/مطهر-و-معقم-ضد-الجراثيم-4حبة-5xلتر,L,5.0,5.0,13.0
9/14/2025,Hotels,Hotels,"E3-Broad-spectrum disinfectant for surfaces, mattress and touchpoints",Disinfectant and cleaner,Antiseptic and Disinfectant 4x5 LTR,220.0,GoGreen,gogreen,https://gogreen.com.sa/products/مطهر-و-معقم-ضد-الجراثيم-1,L,20.0,20.0,11.0
9/14/2025,Hotels,Hotels,"E3-Broad-spectrum disinfectant for surfaces, mattress and touchpoints",Disinfectant and cleaner,Surface Cleaner and Disinfectant 4PcsX5 LTR,230.0,GoGreen,gogreen,https://gogreen.com.sa/products/مطهر-ومعقم-الاسطح,L,20.0,20.0,11.5
9/14/2025,Hotels,Hotels,"E3-Broad-spectrum disinfectant for surfaces, mattress and touchpoints",Disinfectant and cleaner,"Cleaner, General Disinfectant, Lavender Perfume (4 gallon x 4 liter) BOX",80.0,Brand not found,officesupply,https://officesupply.sa/en/hygiene-supplies/04-apr/,L,16.0,16.0,5.0
9/14/2025,Hotels,Hotels,"E3-Broad-spectrum disinfectant for surfaces, mattress and touchpoints",Disinfectant and cleaner,"Cleaner, General Disinfectant, Dettol Perfume (4 gallon x 4 liter) BOX",85.0,Brand not found,officesupply,https://officesupply.sa/en/hygiene-supplies/4-4-ar/,L,16.0,16.0,5.3125
9/14/2025,Hotels,Hotels,"E3-Broad-spectrum disinfectant for surfaces, mattress and touchpoints",Disinfectant and cleaner,"Cleaner, General Disinfectant, Dettol Perfume (1 gallon x 4 liter)",25.0,Brand not found,officesupply,https://officesupply.sa/en/hygiene-supplies/cleaner-general-disinfectant-dettol-perfume-1-gallon-x-4-liter/,L,4.0,4.0,6.25
9/14/2025,Hotels,Hotels,"E3-Broad-spectrum disinfectant for surfaces, mattress and touchpoints",Disinfectant and cleaner,"Cleaner, General Disinfectant, Flowers Perfume (1 gallon x 4 liter)",25.0,Brand not found,officesupply,https://officesupply.sa/en/hygiene-supplies/cleaner-general-disinfectant-flowers-perfume-1-gallon-x-4-liter/,L,4.0,4.0,6.25
9/14/2025,Hotels,Hotels,"E3-Broad-spectrum disinfectant for surfaces, mattress and touchpoints",Disinfectant and cleaner,"Cleaner, General Disinfectant, Flowers Perfume (4 gallon x 4 liter) BOX",80.0,Brand not found,officesupply,https://officesupply.sa/en/hygiene-supplies/cleaner-general-disinfectant-flowers-perfume-4-gallon-x-4-liter-box/,L,16.0,16.0,5.0
9/14/2025,Hotels,Hotels,"E3-Broad-spectrum disinfectant for surfaces, mattress and touchpoints",Disinfectant and cleaner,"Cleaner, General Disinfectant, Lavender Perfume (1 gallon x 4 liter)",25.0,Brand not found,officesupply,https://officesupply.sa/en/hygiene-supplies/01-apr/,L,4.0,4.0,6.25
9/14/2025,Hotels,Hotels,E4-Shower and tile cleaner,"Toilet, shower and tile cleaner","Cleaner, Bathroom Cleaner (1 bottle x 1000 ml)",12.0,Brand not found,officesupply,https://officesupply.sa/en/hygiene-supplies/cleaner-bathroom-cleaner-1-bottle-x-1000-ml/,ml,1000.0,1.0,12.0
9/14/2025,Hotels,Hotels,E4-Shower and tile cleaner,"Toilet, shower and tile cleaner","Cleaner, Bathroom Cleaner (12 bottle x 1000 ml) BOX",120.0,Brand not found,officesupply,https://officesupply.sa/en/hygiene-supplies/cleaner-bathroom-cleaner-12-bottle-x-1000-ml-box/,ml,12000.0,12.0,10.0
9/14/2025,Hotels,Hotels,E5-Streak-free glass cleaner for large window areas,Glass cleaner,Glass Cleaner 650 ML - 12 Bottles,58.0,Fine,fine,https://ksa.finestore.com/product/glass-cleaner-650-ml-12-bottles/19900000103?p=1,ml,7800.0,7.8,7.435897435897436
9/14/2025,Hotels,Hotels,E5-Streak-free glass cleaner for large window areas,Glass cleaner,"Glass Cleaner ,4 Liters  X 4 Gallons",69.0,Fine,fine,https://ksa.finestore.com/product/glass-cleaner-4-liters-x-4-gallons/19900000101?p=1,L,16.0,16.0,4.3125
9/14/2025,Hotels,Hotels,E5-Streak-free glass cleaner for large window areas,Glass cleaner,Glass Cleaner 5 LTR,39.0,GoGreen,gogreen,https://gogreen.com.sa/products/ملمع-الزجاج-3,L,5.0,5.0,7.8
9/14/2025,Hotels,Hotels,E5-Streak-free glass cleaner for large window areas,Glass cleaner,Glass Cleaner 12PcsX650 ML,120.0,GoGreen,gogreen,https://gogreen.com.sa/products/ملمع-الزجاج-2,ml,7800.0,7.8,15.384615384615383
9/14/2025,Hotels,Hotels,E5-Streak-free glass cleaner for large window areas,Glass cleaner,Glass Cleaner 4PcsX5 LTR,139.0,GoGreen,gogreen,https://gogreen.com.sa/products/ملمع-الزجاج-1,L,20.0,20.0,6.95
9/14/2025,Hotels,Hotels,E5-Streak-free glass cleaner for large window areas,Glass cleaner,"Cleaner, Glass Cleaner (1 gallon x 4 liter)",25.0,Brand not found,officesupply,https://officesupply.sa/en/hygiene-supplies/cleaner-glass-cleaner-1-gallon-x-4-liter/,L,4.0,4.0,6.25
9/14/2025,Hotels,Hotels,E5-Streak-free glass cleaner for large window areas,Glass cleaner,"Cleaner, Glass Cleaner (1 bottle x 700 ml)",8.0,Brand not found,officesupply,https://officesupply.sa/en/hygiene-supplies/cleaner-glass-cleaner-1-bottle-x-700-ml/,ml,700.0,0.7,11.428571428571429
9/14/2025,Hotels,Hotels,E5-Streak-free glass cleaner for large window areas,Glass cleaner,"Cleaner, Glass Cleaner (12 bottle x 700 ml) BOX",70.0,Brand not found,officesupply,https://officesupply.sa/en/hygiene-supplies/cleaner-glass-cleaner-12-bottle-x-700-ml-box/,ml,8400.0,8.4,8.333333333333332
9/14/2025,Hotels,Hotels,E5-Streak-free glass cleaner for large window areas,Glass cleaner,"Cleaner, Glass Cleaner (4 gallon x 4 liter) BOX",90.0,Brand not found,officesupply,https://officesupply.sa/en/hygiene-supplies/1-4-clone/,L,16.0,16.0,5.625
9/14/2025,Hotels,Hotels,E5-Streak-free glass cleaner for large window areas,Glass cleaner,Glass Cleaner 650 ml x 12 bottles,65.0,Brand not found,officesupply,https://officesupply.sa/en/hygiene-supplies/hygiene-materials/glass-cleaner-650-ml-x-12-bottles/,ml,650.0,0.65,100.0
9/14/2025,Hotels,Hotels,E6-Degreaser for food service areas,Degreaser,Degrease and Multi-Purpose 4x5LTR,225.0,GoGreen,gogreen,https://gogreen.com.sa/products/مزيل-الشحوم-و-متعدد-الاستخدامات-5-لتر,L,20.0,20.0,11.25
9/14/2025,Hotels,Hotels,E6-Degreaser for food service areas,Degreaser,Degrease and Multi-Purpose 5LTR,70.0,GoGreen,gogreen,https://gogreen.com.sa/products/كرتون-مزيل-الشحوم-و-متعدد-الاستخدامات-12حبة-1xلتر,L,5.0,5.0,14.0
9/14/2025,Hotels,Hotels,E6-Degreaser for food service areas,Degreaser,Degrease and Multi-Purpose 12PcsX1 LTR,180.0,GoGreen,gogreen,https://gogreen.com.sa/products/بخاخ-مزيل-الشحوم-و-متعدد-الاستخدامات,L,12.0,12.0,15.0
9/14/2025,Hotels,Hotels,E6-Degreaser for food service areas,Degreaser,Degrease and Multi-Purpose 30 LTR,185.0,GoGreen,gogreen,https://gogreen.com.sa/products/مزيل-الشحوم-و-متعدد-الاستخدامات,L,30.0,30.0,6.166666666666667
9/14/2025,Hotels,Hotels,E6-Degreaser for food service areas,Degreaser,"Cleaner, Oil Degreaser  (1 bottle x 1 liter)",13.0,Brand not found,officesupply,https://officesupply.sa/en/hygiene-supplies/cleaner-oil-degreaser-1-bottle-x-1-liter/,L,1.0,1.0,13.0
9/14/2025,Hotels,Hotels,E6-Grill cleaner,Degreaser,"Cleaner, Oven & Grill Cleaner, (1 gallon x 4 liter)",60.0,Brand not found,officesupply,https://officesupply.sa/en/hygiene-supplies/cleaner-oven-and-grill-cleaner-1-gallon-x-4-liter/,L,4.0,4.0,15.0
9/14/2025,Hotels,Hotels,E6-Grill cleaner,Degreaser,"Cleaner, Oil Degreaser  (1 bottle x 1 liter)",13.0,Brand not found,officesupply,https://officesupply.sa/en/hygiene-supplies/cleaner-oil-degreaser-1-bottle-x-1-liter/,L,1.0,1.0,13.0
9/14/2025,Hotels,Hotels,E6-Oven and appliance cleaner,Degreaser,Oven kitchen Cleaner 12PcsX1 LTR,144.0,GoGreen,gogreen,https://gogreen.com.sa/products/منظف-أفران-المطابخ,L,12.0,12.0,12.0
9/14/2025,Hotels,Hotels,E6-Food-safe surface sanitizers,Disinfectant and cleaner,Surface Cleaner and Disinfectant 4PcsX5 LTR,230.0,GoGreen,gogreen,https://gogreen.com.sa/products/مطهر-ومعقم-الاسطح,L,20.0,20.0,11.5
9/14/2025,Hotels,Hotels,E6-Food-safe surface sanitizers,Disinfectant and cleaner,"Cleaner, Surface Sanitizer (1 bottle x 700 ml)",14.0,Brand not found,officesupply,https://officesupply.sa/en/hygiene-supplies/cleaner-surface-sanitizer-1-bottle-x-700-ml/,ml,700.0,0.7,20.0
9/14/2025,Hotels,Hotels,E6-Food-safe surface sanitizers,Disinfectant and cleaner,"Cleaner, Food Table Sanitizer (1 bottle x 1000 ml)",16.0,Brand not found,officesupply,https://officesupply.sa/en/hygiene-supplies/cleaner-food-table-sanitizer-1-bottle-x-1000-ml/,ml,1000.0,1.0,16.0
9/14/2025,Hotels,Hotels,E6-Non-slip floor cleaner for safety,Floor cleaner,Floor Cleaner 6PcsX3 LTR,171.0,GoGreen,gogreen,https://gogreen.com.sa/products/كرتون-منظف-الارضيات-6-حبه-3xلتر-2,L,18.0,18.0,9.5
9/14/2025,Hotels,Hotels,E6-Non-slip floor cleaner for safety,Floor cleaner,Floor Cleaner 6PcsX3 LTR,171.0,GoGreen,gogreen,https://gogreen.com.sa/products/كرتون-منظف-الارضيات-6-حبه-3xلتر,L,18.0,18.0,9.5
9/14/2025,Hotels,Hotels,E6-Non-slip floor cleaner for safety,Floor cleaner,Floor Cleaner 6PcsX3 LTR,171.0,GoGreen,gogreen,https://gogreen.com.sa/products/كرتون-منظف-الارضيات-6-حبه-3xلتر-3,L,18.0,18.0,9.5
9/14/2025,Hotels,Hotels,E6-Non-slip floor cleaner for safety,Floor cleaner,Floor Cleaner 6PcsX3 LTR,171.0,GoGreen,gogreen,https://gogreen.com.sa/products/كرتون-منظف-الارضيات-6-حبه-3xلتر-1,L,18.0,18.0,9.5
9/14/2025,Hotels,Hotels,E6-Non-slip floor cleaner for safety,Floor cleaner,Floor Cleaner 30 LTR,164.0,GoGreen,gogreen,https://gogreen.com.sa/products/منظف-الارضيات-30-لتر-2,L,30.0,30.0,5.466666666666667
9/14/2025,Hotels,Hotels,E6-Non-slip floor cleaner for safety,Floor cleaner,Floor Cleaner 30 LTR,164.0,GoGreen,gogreen,https://gogreen.com.sa/products/منظف-الارضيات-30-لتر,L,30.0,30.0,5.466666666666667
9/14/2025,Hotels,Hotels,E6-Non-slip floor cleaner for safety,Floor cleaner,Floor Cleaner 30 LTR,164.0,GoGreen,gogreen,https://gogreen.com.sa/products/منظف-الارضيات-30-لتر-3,L,30.0,30.0,5.466666666666667
9/14/2025,Hotels,Hotels,E6-Non-slip floor cleaner for safety,Floor cleaner,Floor Cleaner 30 LTR,164.0,GoGreen,gogreen,https://gogreen.com.sa/products/منظف-الارضيات-30-لتر-1,L,30.0,30.0,5.466666666666667
9/14/2025,Hotels,Hotels,E6-Non-slip floor cleaner for safety,Floor cleaner,Floor Cleaner 30 LTR,164.0,GoGreen,gogreen,https://gogreen.com.sa/products/منظف-الارضيات,L,30.0,30.0,5.466666666666667
9/14/2025,Hotels,Hotels,E6-Non-slip floor cleaner for safety,Floor cleaner,"Cleaner, Floor Cleaner 3 in 1, French Perfume (1 gallon x 25 liter)",110.0,Brand not found,officesupply,https://officesupply.sa/en/hygiene-supplies/cleaner-floor-cleaner-3-in-1-french-perfume-1-gallon-x-25-liter/,L,25.0,25.0,4.4
9/14/2025,Hotels,Hotels,E6-Non-slip floor cleaner for safety,Floor cleaner,"Cleaner,  All Purpose Liquid Cleaner 4 in 1 for Floors, Lemon Perfume (4 gallon x 4 liter) BOX",99.0,Brand not found,officesupply,https://officesupply.sa/en/hygiene-supplies/cleaner-all-purpose-liquid-cleaner-4-in-1-lemon-perfume-4-gallon-x-4-liter-box/,L,16.0,16.0,6.1875
9/14/2025,Hotels,Hotels,E6-Non-slip floor cleaner for safety,Floor cleaner,"Cleaner, All Purpose Liquid Cleaner 4 in 1 for Floors, Lavender Perfume (4 gallon x 4 liter) BOX",99.0,Brand not found,officesupply,https://officesupply.sa/en/hygiene-supplies/cleaner-all-purpose-liquid-cleaner-4-in-1-for-floors-lavender-perfume-4-gallon-x-4-liter-box/,L,16.0,16.0,6.1875
9/14/2025,Hotels,Hotels,E6-Non-slip floor cleaner for safety,Floor cleaner,"Cleaner, All Purpose Liquid Cleaner 4 in 1 for Floors, Kiwi Perfume (4 gallon x 4 liter) BOX",99.0,Brand not found,officesupply,https://officesupply.sa/en/hygiene-supplies/cleaner-all-purpose-liquid-cleaner-4-in-1-for-floors-kiwi-perfume-4-gallon-x-4-liter-box/,L,16.0,16.0,6.1875
9/14/2025,Hotels,Hotels,E6-Non-slip floor cleaner for safety,Floor cleaner,"Cleaner, All Purpose Liquid Cleaner 4 in 1 for Floors, Lavender  Perfume (1 gallon x 4 liter)",30.0,Brand not found,officesupply,https://officesupply.sa/en/hygiene-supplies/cleaner-all-purpose-liquid-cleaner-4-in-1-for-floors-lavender-perfume-1-gallon-x-4-liter/,L,4.0,4.0,7.5
9/14/2025,Hotels,Hotels,E6-Non-slip floor cleaner for safety,Floor cleaner,"Cleaner, All Purpose Liquid Cleaner 4 in 1 for Floors, Kiwi Perfume (1 gallon x 4 liter)",30.0,Brand not found,officesupply,https://officesupply.sa/en/hygiene-supplies/cleaner-all-purpose-liquid-cleaner-4-in-1-for-floors-kiwi-perfume-1-gallon-x-4-liter/,L,4.0,4.0,7.5
9/14/2025,Hotels,Hotels,E6-Stainless steel polish for equipment and fixtures,Stainless steel cleaner,Box Metal and stainless-steel cleaner and polisher 12 Pcs X 1 LTR,180.0,GoGreen,gogreen,https://gogreen.com.sa/products/كرتون-منظف-و-ملمع-المعادن-و-الستانلس-ستيل-12-حبة-في-1-لتر,L,12.0,12.0,15.0
9/14/2025,Hotels,Hotels,E6-Stainless steel polish for equipment and fixtures,Stainless steel cleaner,"Cleaner, Stainless Steel Cleaner & Polisher (1 bottle x 700 ml)",20.0,Brand not found,officesupply,https://officesupply.sa/en/hygiene-supplies/cleaner-stainless-steel-cleaner-and-polisher-1-bottle-x-700-ml/,ml,700.0,0.7,28.571428571428573
9/14/2025,Hotels,Hotels,E6-Metal polish for cookware and utensils,Stainless steel cleaner,Box Metal and stainless-steel cleaner and polisher 12 Pcs X 1 LTR,180.0,GoGreen,gogreen,https://gogreen.com.sa/products/كرتون-منظف-و-ملمع-المعادن-و-الستانلس-ستيل-12-حبة-في-1-لتر,L,12.0,12.0,15.0
9/14/2025,Hotels,Hotels,E6-Glass polish for display cases and windows,Glass cleaner,Glass Cleaner 650 ML - 12 Bottles,58.0,Fine,fine,https://ksa.finestore.com/product/glass-cleaner-650-ml-12-bottles/19900000103?p=1,ml,7800.0,7.8,7.435897435897436
9/14/2025,Hotels,Hotels,E6-Glass polish for display cases and windows,Glass cleaner,"Glass Cleaner ,4 Liters  X 4 Gallons",69.0,Fine,fine,https://ksa.finestore.com/product/glass-cleaner-4-liters-x-4-gallons/19900000101?p=1,L,16.0,16.0,4.3125
9/14/2025,Hotels,Hotels,E6-Glass polish for display cases and windows,Glass cleaner,Glass Cleaner 5 LTR,39.0,GoGreen,gogreen,https://gogreen.com.sa/products/ملمع-الزجاج-3,L,5.0,5.0,7.8
9/14/2025,Hotels,Hotels,E6-Glass polish for display cases and windows,Glass cleaner,Glass Cleaner 12PcsX650 ML,120.0,GoGreen,gogreen,https://gogreen.com.sa/products/ملمع-الزجاج-2,ml,7800.0,7.8,15.384615384615383
9/14/2025,Hotels,Hotels,E6-Glass polish for display cases and windows,Glass cleaner,Glass Cleaner 4PcsX5 LTR,139.0,GoGreen,gogreen,https://gogreen.com.sa/products/ملمع-الزجاج-1,L,20.0,20.0,6.95
9/14/2025,Hotels,Hotels,E6-Glass polish for display cases and windows,Glass cleaner,"Cleaner, Glass Cleaner (1 gallon x 4 liter)",25.0,Brand not found,officesupply,https://officesupply.sa/en/hygiene-supplies/cleaner-glass-cleaner-1-gallon-x-4-liter/,L,4.0,4.0,6.25
9/14/2025,Hotels,Hotels,E6-Glass polish for display cases and windows,Glass cleaner,"Cleaner, Glass Cleaner (1 bottle x 700 ml)",8.0,Brand not found,officesupply,https://officesupply.sa/en/hygiene-supplies/cleaner-glass-cleaner-1-bottle-x-700-ml/,ml,700.0,0.7,11.428571428571429
9/14/2025,Hotels,Hotels,E6-Glass polish for display cases and windows,Glass cleaner,"Cleaner, Glass Cleaner (12 bottle x 700 ml) BOX",70.0,Brand not found,officesupply,https://officesupply.sa/en/hygiene-supplies/cleaner-glass-cleaner-12-bottle-x-700-ml-box/,ml,8400.0,8.4,8.333333333333332
9/14/2025,Hotels,Hotels,E6-Glass polish for display cases and windows,Glass cleaner,"Cleaner, Glass Cleaner (4 gallon x 4 liter) BOX",90.0,Brand not found,officesupply,https://officesupply.sa/en/hygiene-supplies/1-4-clone/,L,16.0,16.0,5.625
9/14/2025,Hotels,Hotels,E6-Glass polish for display cases and windows,Glass cleaner,Glass Cleaner 650 ml x 12 bottles,65.0,Brand not found,officesupply,https://officesupply.sa/en/hygiene-supplies/hygiene-materials/glass-cleaner-650-ml-x-12-bottles/,ml,650.0,0.65,100.0
9/14/2025,Hotels,Hotels,E7-Air freshener,Air freshener,Flower Magic Air and Fabric Freshener - 500ml Bottle,15.0,Brand not found,officesupply,https://officesupply.sa/en/hygiene-supplies/air-and-fabric-fresheners/flower-magic-air-and-fabric-freshener/,ml,500.0,0.5,30.0
9/14/2025,Hotels,Hotels,E8-Stainless steel polish and cleaner for fixtures and fittings,Stainless steel cleaner,Box Metal and stainless-steel cleaner and polisher 12 Pcs X 1 LTR,180.0,GoGreen,gogreen,https://gogreen.com.sa/products/كرتون-منظف-و-ملمع-المعادن-و-الستانلس-ستيل-12-حبة-في-1-لتر,L,12.0,12.0,15.0
9/14/2025,Hotels,Hotels,E10-HVAC system cleaner,Disinfectant and cleaner,Air Conditioner and Coil Cleaner 4 PCS X 4LTR,460.0,GoGreen,gogreen,https://gogreen.com.sa/products/منظف-داخلي-وخارجي-لوحدة-التكييف-1,L,16.0,16.0,28.75
9/14/2025,Hotels,Hotels,E10-HVAC system cleaner,Disinfectant and cleaner,Air Conditioner and Coil Cleaner  5LTR,130.0,GoGreen,gogreen,https://gogreen.com.sa/products/منظف-داخلي-وخارجي-لوحدة-التكييف-2,L,5.0,5.0,26.0
9/14/2025,Hotels,Hotels,E10-HVAC system cleaner,Disinfectant and cleaner,Air Conditioner and Coil Cleaner 20 LTR,440.0,GoGreen,gogreen,https://gogreen.com.sa/products/منظف-داخلي-وخارجي-لوحدة-التكييف,L,20.0,20.0,22.0
9/14/2025,Hotels,Hotels,E11-Stain remover for laundry,Stain remover,Dry Stain Remover 12PcsX1 LTR,180.0,GoGreen,gogreen,https://gogreen.com.sa/products/مزيل-البقع-على-الجاف,L,12.0,12.0,15.0
9/14/2025,Hotels,Hotels,E11-Stain remover for laundry,Stain remover,Stain Remover for Colores Clothes 12PCS X 1 LTR,144.0,GoGreen,gogreen,https://gogreen.com.sa/products/مزيل-البقع-للملابس-الملونة,L,12.0,12.0,12.0
9/14/2025,Hotels,Hotels,E11-Stain remover for laundry,Stain remover,Stain Remover for White Clothes 12PCS X 1 LTR,144.0,GoGreen,gogreen,https://gogreen.com.sa/products/مزيل-بقع-الملابس-البيضاء,L,12.0,12.0,12.0
9/14/2025,Hotels,Hotels,"E11-Fabric refresher for linen, towels, curtains, mattresses and upholstery",Fabric refresher,Oud Majestic Air and Fabric Freshener - 500ml Bottle | unbranded,15.0,Brand not found,officesupply,https://officesupply.sa/en/hygiene-supplies/air-and-fabric-fresheners/oud-majestic-air-and-fabric-freshener/,ml,500.0,0.5,30.0
9/14/2025,Hotels,Hotels,"E11-Fabric refresher for linen, towels, curtains, mattresses and upholstery",Fabric refresher,Fruity Air and Fabric Freshener (1 Bottle x 500ml),15.0,Brand not found,officesupply,https://officesupply.sa/en/hygiene-supplies/air-and-fabric-fresheners/fruity-air-and-fabric-freshener/,ml,500.0,0.5,30.0
9/14/2025,Hotels,Hotels,"E11-Fabric refresher for linen, towels, curtains, mattresses and upholstery",Fabric refresher,Vanilla Air and Fabric Freshener - 500ml Bottle,15.0,Brand not found,officesupply,https://officesupply.sa/en/hygiene-supplies/air-and-fabric-fresheners/vanilla-air-and-fabric-freshener/,ml,500.0,0.5,30.0
9/14/2025,Hotels,Hotels,"E11-Fabric refresher for linen, towels, curtains, mattresses and upholstery",Fabric refresher,Wild Raspberry Air and Fabric Freshener - Bulk Box (12 Bottles x 500ml),150.0,Brand not found,officesupply,https://officesupply.sa/en/hygiene-supplies/air-and-fabric-fresheners/wild-raspberry-air-and-fabric-freshener-bulk-box/,ml,6000.0,6.0,25.0
9/14/2025,Hotels,Hotels,"E11-Fabric refresher for linen, towels, curtains, mattresses and upholstery",Fabric refresher,Spring Air and Fabric Freshener- 500ml Bottle,15.0,Brand not found,officesupply,https://officesupply.sa/en/hygiene-supplies/air-and-fabric-fresheners/spring-air-and-fabric-freshener/,ml,500.0,0.5,30.0
9/14/2025,Hotels,Hotels,"E11-Fabric refresher for linen, towels, curtains, mattresses and upholstery",Fabric refresher,French Lavender Air & Fabric Freshener-500ml Bottle,15.0,Brand not found,officesupply,https://officesupply.sa/en/hygiene-supplies/air-and-fabric-fresheners/french-lavender-air-fabric-freshener/,ml,500.0,0.5,30.0
9/14/2025,Hotels,Hotels,E13-Broad-spectrum disinfectant for spas and salons equipment,Disinfectant and cleaner,Disinfectant 30 Ltr,96.0,Fine,fine,https://ksa.finestore.com/product/disinfectant-30-ltr/19900000100?p=1,L,30.0,30.0,3.2
9/14/2025,Hotels,Hotels,E13-Broad-spectrum disinfectant for spas and salons equipment,Disinfectant and cleaner,Antiseptic and Disinfectant 30 LTR,295.0,GoGreen,gogreen,https://gogreen.com.sa/products/كرتون-مطهر-و-معقم-ضد-الجراثيم-12-حبة-500-مل,L,30.0,30.0,9.833333333333334
9/14/2025,Hotels,Hotels,E13-Broad-spectrum disinfectant for spas and salons equipment,Disinfectant and cleaner,Antiseptic and Disinfectant 12 Pcs X 500 ML,156.0,GoGreen,gogreen,https://gogreen.com.sa/products/كرتون-مطهر-و-معقم-ضد-الجراثيم-12-حبة-750-مل,ml,6000.0,6.0,26.0
9/14/2025,Hotels,Hotels,E13-Broad-spectrum disinfectant for spas and salons equipment,Disinfectant and cleaner,Antiseptic and Disinfectant 12 Pcs X 750 ML,192.0,GoGreen,gogreen,https://gogreen.com.sa/products/مطهر-و-معقم-ضد-الجراثيم-5لتر,ml,9000.0,9.0,21.33333333333333
9/14/2025,Hotels,Hotels,E13-Broad-spectrum disinfectant for spas and salons equipment,Disinfectant and cleaner,Antiseptic and Disinfectant 5 LTR,65.0,GoGreen,gogreen,https://gogreen.com.sa/products/مطهر-و-معقم-ضد-الجراثيم-4حبة-5xلتر,L,5.0,5.0,13.0
9/14/2025,Hotels,Hotels,E13-Broad-spectrum disinfectant for spas and salons equipment,Disinfectant and cleaner,Antiseptic and Disinfectant 4x5 LTR,220.0,GoGreen,gogreen,https://gogreen.com.sa/products/مطهر-و-معقم-ضد-الجراثيم-1,L,20.0,20.0,11.0
9/14/2025,Hotels,Hotels,E13-Broad-spectrum disinfectant for spas and salons equipment,Disinfectant and cleaner,Surface Cleaner and Disinfectant 4PcsX5 LTR,230.0,GoGreen,gogreen,https://gogreen.com.sa/products/مطهر-ومعقم-الاسطح,L,20.0,20.0,11.5
9/14/2025,Hotels,Hotels,E13-Broad-spectrum disinfectant for spas and salons equipment,Disinfectant and cleaner,"Cleaner, General Disinfectant, Lavender Perfume (4 gallon x 4 liter) BOX",80.0,Brand not found,officesupply,https://officesupply.sa/en/hygiene-supplies/04-apr/,L,16.0,16.0,5.0
9/14/2025,Hotels,Hotels,E13-Broad-spectrum disinfectant for spas and salons equipment,Disinfectant and cleaner,"Cleaner, General Disinfectant, Dettol Perfume (4 gallon x 4 liter) BOX",85.0,Brand not found,officesupply,https://officesupply.sa/en/hygiene-supplies/4-4-ar/,L,16.0,16.0,5.3125
9/14/2025,Hotels,Hotels,E13-Broad-spectrum disinfectant for spas and salons equipment,Disinfectant and cleaner,"Cleaner, General Disinfectant, Dettol Perfume (1 gallon x 4 liter)",25.0,Brand not found,officesupply,https://officesupply.sa/en/hygiene-supplies/cleaner-general-disinfectant-dettol-perfume-1-gallon-x-4-liter/,L,4.0,4.0,6.25
9/14/2025,Hotels,Hotels,E13-Broad-spectrum disinfectant for spas and salons equipment,Disinfectant and cleaner,"Cleaner, General Disinfectant, Flowers Perfume (1 gallon x 4 liter)",25.0,Brand not found,officesupply,https://officesupply.sa/en/hygiene-supplies/cleaner-general-disinfectant-flowers-perfume-1-gallon-x-4-liter/,L,4.0,4.0,6.25
9/14/2025,Hotels,Hotels,E13-Broad-spectrum disinfectant for spas and salons equipment,Disinfectant and cleaner,"Cleaner, General Disinfectant, Flowers Perfume (4 gallon x 4 liter) BOX",80.0,Brand not found,officesupply,https://officesupply.sa/en/hygiene-supplies/cleaner-general-disinfectant-flowers-perfume-4-gallon-x-4-liter-box/,L,16.0,16.0,5.0
9/14/2025,Hotels,Hotels,E13-Broad-spectrum disinfectant for spas and salons equipment,Disinfectant and cleaner,"Cleaner, General Disinfectant, Lavender Perfume (1 gallon x 4 liter)",25.0,Brand not found,officesupply,https://officesupply.sa/en/hygiene-supplies/01-apr/,L,4.0,4.0,6.25
9/14/2025,Hotels,Hotels,E14-Non-slip floor cleaner for gym floors and exercise areas,Floor cleaner,Fine Solutions Clor 3.75Ltr Carton of 6,60.0,Fine,fine,https://ksa.finestore.com/product/fine-solutions-clor-375ltr-carton-of-6/19900000102?p=1,L,3.75,3.75,16.0
9/14/2025,Hotels,Hotels,E14-Non-slip floor cleaner for gym floors and exercise areas,Floor cleaner,Floor Cleaner 6PcsX3 LTR,171.0,GoGreen,gogreen,https://gogreen.com.sa/products/كرتون-منظف-الارضيات-6-حبه-3xلتر-2,L,18.0,18.0,9.5
9/14/2025,Hotels,Hotels,E14-Non-slip floor cleaner for gym floors and exercise areas,Floor cleaner,Floor Cleaner 6PcsX3 LTR,171.0,GoGreen,gogreen,https://gogreen.com.sa/products/كرتون-منظف-الارضيات-6-حبه-3xلتر,L,18.0,18.0,9.5
9/14/2025,Hotels,Hotels,E14-Non-slip floor cleaner for gym floors and exercise areas,Floor cleaner,Floor Cleaner 6PcsX3 LTR,171.0,GoGreen,gogreen,https://gogreen.com.sa/products/كرتون-منظف-الارضيات-6-حبه-3xلتر-3,L,18.0,18.0,9.5
9/14/2025,Hotels,Hotels,E14-Non-slip floor cleaner for gym floors and exercise areas,Floor cleaner,Floor Cleaner 6PcsX3 LTR,171.0,GoGreen,gogreen,https://gogreen.com.sa/products/كرتون-منظف-الارضيات-6-حبه-3xلتر-1,L,18.0,18.0,9.5
9/14/2025,Hotels,Hotels,E14-Non-slip floor cleaner for gym floors and exercise areas,Floor cleaner,Floor Cleaner 30 LTR,164.0,GoGreen,gogreen,https://gogreen.com.sa/products/منظف-الارضيات-30-لتر-2,L,30.0,30.0,5.466666666666667
9/14/2025,Hotels,Hotels,E14-Non-slip floor cleaner for gym floors and exercise areas,Floor cleaner,Floor Cleaner 30 LTR,164.0,GoGreen,gogreen,https://gogreen.com.sa/products/منظف-الارضيات-30-لتر,L,30.0,30.0,5.466666666666667
9/14/2025,Hotels,Hotels,E14-Non-slip floor cleaner for gym floors and exercise areas,Floor cleaner,Floor Cleaner 30 LTR,164.0,GoGreen,gogreen,https://gogreen.com.sa/products/منظف-الارضيات-30-لتر-3,L,30.0,30.0,5.466666666666667
9/14/2025,Hotels,Hotels,E14-Non-slip floor cleaner for gym floors and exercise areas,Floor cleaner,Floor Cleaner 30 LTR,164.0,GoGreen,gogreen,https://gogreen.com.sa/products/منظف-الارضيات-30-لتر-1,L,30.0,30.0,5.466666666666667
9/14/2025,Hotels,Hotels,E14-Non-slip floor cleaner for gym floors and exercise areas,Floor cleaner,Floor Cleaner 30 LTR,164.0,GoGreen,gogreen,https://gogreen.com.sa/products/منظف-الارضيات,L,30.0,30.0,5.466666666666667
9/14/2025,Hotels,Hotels,E14-Non-slip floor cleaner for gym floors and exercise areas,Floor cleaner,"Cleaner, Floor Cleaner 3 in 1, French Perfume (1 gallon x 25 liter)",110.0,Brand not found,officesupply,https://officesupply.sa/en/hygiene-supplies/cleaner-floor-cleaner-3-in-1-french-perfume-1-gallon-x-25-liter/,L,25.0,25.0,4.4
9/14/2025,Hotels,Hotels,E14-Non-slip floor cleaner for gym floors and exercise areas,Floor cleaner,"Cleaner,  All Purpose Liquid Cleaner 4 in 1 for Floors, Lemon Perfume (4 gallon x 4 liter) BOX",99.0,Brand not found,officesupply,https://officesupply.sa/en/hygiene-supplies/cleaner-all-purpose-liquid-cleaner-4-in-1-lemon-perfume-4-gallon-x-4-liter-box/,L,16.0,16.0,6.1875
9/14/2025,Hotels,Hotels,E14-Non-slip floor cleaner for gym floors and exercise areas,Floor cleaner,"Cleaner, All Purpose Liquid Cleaner 4 in 1 for Floors, Lavender Perfume (4 gallon x 4 liter) BOX",99.0,Brand not found,officesupply,https://officesupply.sa/en/hygiene-supplies/cleaner-all-purpose-liquid-cleaner-4-in-1-for-floors-lavender-perfume-4-gallon-x-4-liter-box/,L,16.0,16.0,6.1875
9/14/2025,Hotels,Hotels,E14-Non-slip floor cleaner for gym floors and exercise areas,Floor cleaner,"Cleaner, All Purpose Liquid Cleaner 4 in 1 for Floors, Kiwi Perfume (4 gallon x 4 liter) BOX",99.0,Brand not found,officesupply,https://officesupply.sa/en/hygiene-supplies/cleaner-all-purpose-liquid-cleaner-4-in-1-for-floors-kiwi-perfume-4-gallon-x-4-liter-box/,L,16.0,16.0,6.1875
9/14/2025,Hotels,Hotels,E14-Non-slip floor cleaner for gym floors and exercise areas,Floor cleaner,"Cleaner, All Purpose Liquid Cleaner 4 in 1 for Floors, Lavender  Perfume (1 gallon x 4 liter)",30.0,Brand not found,officesupply,https://officesupply.sa/en/hygiene-supplies/cleaner-all-purpose-liquid-cleaner-4-in-1-for-floors-lavender-perfume-1-gallon-x-4-liter/,L,4.0,4.0,7.5
9/14/2025,Hotels,Hotels,E14-Non-slip floor cleaner for gym floors and exercise areas,Floor cleaner,Floor Cleaner 4 liter x 4 gallon,130.0,Brand not found,officesupply,https://officesupply.sa/en/hygiene-supplies/fine-floor-cleaner/,L,4.0,4.0,32.5
9/14/2025,Hotels,Hotels,"E14-Disinfectant spray for gym equipment, yoga mats and exercise mats",Disinfectant and cleaner,Surface Cleaner and Disinfectant 4PcsX5 LTR,230.0,GoGreen,gogreen,https://gogreen.com.sa/products/مطهر-ومعقم-الاسطح,L,20.0,20.0,11.5
9/14/2025,Healthcare,Healthcare,O1-Wood furniture cleaner,Furniture polish,Chemicals House Keeping Wax Furniture Polish Fine Solution Prime 500 ml White (Carton of 1x12) Citrus,122.54,Fine,fine,https://ksa.finestore.com/product/chemicals-house-keeping-wax-furniture-polish-fine-solution-prime-500-ml-white-carton-of-1x12-citrus/12701100065?p=1,ml,6000.0,6.0,20.423333333333336
9/14/2025,Healthcare,Healthcare,O2-General hard floor cleaner,Floor cleaner,"Floor Cleaner, 4 Liters  X 4 Gallons",110.0,Fine,fine,https://ksa.finestore.com/product/floor-cleaner-4-liters-x-4-gallons/19900000081?p=1,L,16.0,16.0,6.875
9/14/2025,Healthcare,Healthcare,"O3-Broad-spectrum disinfectant for surfaces, mattress and touchpoints",Disinfectant and cleaner,Disinfectant 30 Ltr,96.0,Fine,fine,https://ksa.finestore.com/product/disinfectant-30-ltr/19900000100?p=1,L,30.0,30.0,3.2
9/14/2025,Healthcare,Healthcare,O5-Streak-free glass cleaner for large window areas,Glass cleaner,Glass Cleaner 650 ML - 12 Bottles,58.0,Fine,fine,https://ksa.finestore.com/product/glass-cleaner-650-ml-12-bottles/19900000103?p=1,ml,7800.0,7.8,7.435897435897436
9/14/2025,Healthcare,Healthcare,O5-Streak-free glass cleaner for large window areas,Glass cleaner,"Glass Cleaner ,4 Liters  X 4 Gallons",69.0,Fine,fine,https://ksa.finestore.com/product/glass-cleaner-4-liters-x-4-gallons/19900000101?p=1,L,16.0,16.0,4.3125
9/14/2025,Industrial facilities,Industrial facilities,"U1-Heavy-duty multi-surface cleaner machinery, workbenches, and industrial equipment",General purpose cleaner,"Cleaner, All Purpose Liquid Cleaner 4 in 1 for Floors, Kiwi Perfume (1 gallon x 4 liter)",30.0,Brand not found,officesupply,https://officesupply.sa/en/hygiene-supplies/cleaner-all-purpose-liquid-cleaner-4-in-1-for-floors-kiwi-perfume-1-gallon-x-4-liter/,L,4.0,4.0,7.5
9/14/2025,Industrial facilities,Industrial facilities,U1-Wood furniture cleaner,Furniture polish,Chemicals House Keeping Wax Furniture Polish Fine Solution Prime 500 ml White (Carton of 1x12) Citrus,122.54,Fine,fine,https://ksa.finestore.com/product/chemicals-house-keeping-wax-furniture-polish-fine-solution-prime-500-ml-white-carton-of-1x12-citrus/12701100065?p=1,ml,6000.0,6.0,20.423333333333336
9/14/2025,Industrial facilities,Industrial facilities,U2-General hard floor cleaner,Floor cleaner,"Floor Cleaner, 4 Liters  X 4 Gallons",110.0,Fine,fine,https://ksa.finestore.com/product/floor-cleaner-4-liters-x-4-gallons/19900000081?p=1,L,16.0,16.0,6.875
9/14/2025,Industrial facilities,Industrial facilities,U2-General hard floor cleaner,Floor cleaner,Floor Cleaner 6PcsX3 LTR,171.0,GoGreen,gogreen,https://gogreen.com.sa/products/كرتون-منظف-الارضيات-6-حبه-3xلتر-2,L,18.0,18.0,9.5
9/14/2025,Industrial facilities,Industrial facilities,U2-General hard floor cleaner,Floor cleaner,Floor Cleaner 6PcsX3 LTR,171.0,GoGreen,gogreen,https://gogreen.com.sa/products/كرتون-منظف-الارضيات-6-حبه-3xلتر,L,18.0,18.0,9.5
9/14/2025,Industrial facilities,Industrial facilities,U2-General hard floor cleaner,Floor cleaner,Floor Cleaner 6PcsX3 LTR,171.0,GoGreen,gogreen,https://gogreen.com.sa/products/كرتون-منظف-الارضيات-6-حبه-3xلتر-3,L,18.0,18.0,9.5
9/14/2025,Industrial facilities,Industrial facilities,U2-General hard floor cleaner,Floor cleaner,Floor Cleaner 6PcsX3 LTR,171.0,GoGreen,gogreen,https://gogreen.com.sa/products/كرتون-منظف-الارضيات-6-حبه-3xلتر-1,L,18.0,18.0,9.5
9/14/2025,Industrial facilities,Industrial facilities,U2-General hard floor cleaner,Floor cleaner,Floor Cleaner 30 LTR,164.0,GoGreen,gogreen,https://gogreen.com.sa/products/منظف-الارضيات-30-لتر-2,L,30.0,30.0,5.466666666666667
9/14/2025,Industrial facilities,Industrial facilities,U2-General hard floor cleaner,Floor cleaner,Floor Cleaner 30 LTR,164.0,GoGreen,gogreen,https://gogreen.com.sa/products/منظف-الارضيات-30-لتر,L,30.0,30.0,5.466666666666667
9/14/2025,Industrial facilities,Industrial facilities,U2-General hard floor cleaner,Floor cleaner,Floor Cleaner 30 LTR,164.0,GoGreen,gogreen,https://gogreen.com.sa/products/منظف-الارضيات-30-لتر-3,L,30.0,30.0,5.466666666666667
9/14/2025,Industrial facilities,Industrial facilities,U2-General hard floor cleaner,Floor cleaner,Floor Cleaner 30 LTR,164.0,GoGreen,gogreen,https://gogreen.com.sa/products/منظف-الارضيات-30-لتر-1,L,30.0,30.0,5.466666666666667
9/14/2025,Industrial facilities,Industrial facilities,U2-General hard floor cleaner,Floor cleaner,Floor Cleaner 30 LTR,164.0,GoGreen,gogreen,https://gogreen.com.sa/products/منظف-الارضيات,L,30.0,30.0,5.466666666666667
9/14/2025,Industrial facilities,Industrial facilities,U2-General hard floor cleaner,Floor cleaner,"Cleaner, Floor Cleaner 3 in 1, French Perfume (1 gallon x 25 liter)",110.0,Brand not found,officesupply,https://officesupply.sa/en/hygiene-supplies/cleaner-floor-cleaner-3-in-1-french-perfume-1-gallon-x-25-liter/,L,25.0,25.0,4.4
9/14/2025,Industrial facilities,Industrial facilities,U2-General hard floor cleaner,Floor cleaner,"Cleaner,  All Purpose Liquid Cleaner 4 in 1 for Floors, Lemon Perfume (4 gallon x 4 liter) BOX",99.0,Brand not found,officesupply,https://officesupply.sa/en/hygiene-supplies/cleaner-all-purpose-liquid-cleaner-4-in-1-lemon-perfume-4-gallon-x-4-liter-box/,L,16.0,16.0,6.1875
9/14/2025,Industrial facilities,Industrial facilities,U2-General hard floor cleaner,Floor cleaner,"Cleaner, All Purpose Liquid Cleaner 4 in 1 for Floors, Lavender Perfume (4 gallon x 4 liter) BOX",99.0,Brand not found,officesupply,https://officesupply.sa/en/hygiene-supplies/cleaner-all-purpose-liquid-cleaner-4-in-1-for-floors-lavender-perfume-4-gallon-x-4-liter-box/,L,16.0,16.0,6.1875
9/14/2025,Industrial facilities,Industrial facilities,U2-General hard floor cleaner,Floor cleaner,"Cleaner, All Purpose Liquid Cleaner 4 in 1 for Floors, Kiwi Perfume (4 gallon x 4 liter) BOX",99.0,Brand not found,officesupply,https://officesupply.sa/en/hygiene-supplies/cleaner-all-purpose-liquid-cleaner-4-in-1-for-floors-kiwi-perfume-4-gallon-x-4-liter-box/,L,16.0,16.0,6.1875
9/14/2025,Industrial facilities,Industrial facilities,U2-General hard floor cleaner,Floor cleaner,"Cleaner, All Purpose Liquid Cleaner 4 in 1 for Floors, Lavender  Perfume (1 gallon x 4 liter)",30.0,Brand not found,officesupply,https://officesupply.sa/en/hygiene-supplies/cleaner-all-purpose-liquid-cleaner-4-in-1-for-floors-lavender-perfume-1-gallon-x-4-liter/,L,4.0,4.0,7.5
9/14/2025,Industrial facilities,Industrial facilities,U2-General hard floor cleaner,Floor cleaner,Floor Cleaner 4 liter x 4 gallon,130.0,Brand not found,officesupply,https://officesupply.sa/en/hygiene-supplies/fine-floor-cleaner/,L,4.0,4.0,32.5
9/14/2025,Industrial facilities,Industrial facilities,U2-Hardwood and laminate floor cleaner,Floor cleaner,"Cleaner, Wood Floor Cleaner (4 gallon x 4 liter) BOX",220.0,Brand not found,officesupply,https://officesupply.sa/en/hygiene-supplies/cleaner-wood-floor-cleaner-4-gallon-x-4-liter-box/,L,16.0,16.0,13.75
9/14/2025,Industrial facilities,Industrial facilities,U2-Hardwood and laminate floor cleaner,Floor cleaner,"Cleaner, Wood Floor Cleaner (1 gallon x 4 liter)",60.0,Brand not found,officesupply,https://officesupply.sa/en/hygiene-supplies/cleaner-wood-floor-cleaner-1-gallon-x-4-liter/,L,4.0,4.0,15.0
9/14/2025,Industrial facilities,Industrial facilities,U2-High performance carpet shampoo,Carpet shampoo,Carpet Shampoo 8PcsX2 Ltr,144.0,GoGreen,gogreen,https://gogreen.com.sa/products/شامبو-غسيل-السجاد,L,16.0,16.0,9.0
9/14/2025,Industrial facilities,Industrial facilities,U2-Stain spot remover,Stain remover,Dry Stain Remover 12PcsX1 LTR,180.0,GoGreen,gogreen,https://gogreen.com.sa/products/مزيل-البقع-على-الجاف,L,12.0,12.0,15.0
9/14/2025,Industrial facilities,Industrial facilities,U3-Streak-free glass cleaner for large window areas,Glass cleaner,Glass Cleaner 650 ML - 12 Bottles,58.0,Fine,fine,https://ksa.finestore.com/product/glass-cleaner-650-ml-12-bottles/19900000103?p=1,ml,7800.0,7.8,7.435897435897436
9/14/2025,Industrial facilities,Industrial facilities,U3-Streak-free glass cleaner for large window areas,Glass cleaner,"Glass Cleaner ,4 Liters  X 4 Gallons",69.0,Fine,fine,https://ksa.finestore.com/product/glass-cleaner-4-liters-x-4-gallons/19900000101?p=1,L,16.0,16.0,4.3125
9/14/2025,Industrial facilities,Industrial facilities,U3-Streak-free glass cleaner for large window areas,Glass cleaner,Glass Cleaner 5 LTR,39.0,GoGreen,gogreen,https://gogreen.com.sa/products/ملمع-الزجاج-3,L,5.0,5.0,7.8
9/14/2025,Industrial facilities,Industrial facilities,U3-Streak-free glass cleaner for large window areas,Glass cleaner,Glass Cleaner 12PcsX650 ML,120.0,GoGreen,gogreen,https://gogreen.com.sa/products/ملمع-الزجاج-2,ml,7800.0,7.8,15.384615384615383
9/14/2025,Industrial facilities,Industrial facilities,U3-Streak-free glass cleaner for large window areas,Glass cleaner,Glass Cleaner 4PcsX5 LTR,139.0,GoGreen,gogreen,https://gogreen.com.sa/products/ملمع-الزجاج-1,L,20.0,20.0,6.95
9/14/2025,Industrial facilities,Industrial facilities,U3-Streak-free glass cleaner for large window areas,Glass cleaner,"Cleaner, Glass Cleaner (1 gallon x 4 liter)",25.0,Brand not found,officesupply,https://officesupply.sa/en/hygiene-supplies/cleaner-glass-cleaner-1-gallon-x-4-liter/,L,4.0,4.0,6.25
9/14/2025,Industrial facilities,Industrial facilities,U3-Streak-free glass cleaner for large window areas,Glass cleaner,"Cleaner, Glass Cleaner (1 bottle x 700 ml)",8.0,Brand not found,officesupply,https://officesupply.sa/en/hygiene-supplies/cleaner-glass-cleaner-1-bottle-x-700-ml/,ml,700.0,0.7,11.428571428571429
9/14/2025,Industrial facilities,Industrial facilities,U3-Streak-free glass cleaner for large window areas,Glass cleaner,"Cleaner, Glass Cleaner (12 bottle x 700 ml) BOX",70.0,Brand not found,officesupply,https://officesupply.sa/en/hygiene-supplies/cleaner-glass-cleaner-12-bottle-x-700-ml-box/,ml,8400.0,8.4,8.333333333333332
9/14/2025,Industrial facilities,Industrial facilities,U3-Streak-free glass cleaner for large window areas,Glass cleaner,"Cleaner, Glass Cleaner (4 gallon x 4 liter) BOX",90.0,Brand not found,officesupply,https://officesupply.sa/en/hygiene-supplies/1-4-clone/,L,16.0,16.0,5.625
9/14/2025,Industrial facilities,Industrial facilities,U3-Streak-free glass cleaner for large window areas,Glass cleaner,Glass Cleaner 650 ml x 12 bottles,65.0,Brand not found,officesupply,https://officesupply.sa/en/hygiene-supplies/hygiene-materials/glass-cleaner-650-ml-x-12-bottles/,ml,650.0,0.65,100.0
9/14/2025,Industrial facilities,Industrial facilities,U4-Broad-spectrum disinfectants for sanitizing work areas and break rooms ,Disinfectant and cleaner,Disinfectant 30 Ltr,96.0,Fine,fine,https://ksa.finestore.com/product/disinfectant-30-ltr/19900000100?p=1,L,30.0,30.0,3.2
9/14/2025,Industrial facilities,Industrial facilities,U4-Broad-spectrum disinfectants for sanitizing work areas and break rooms ,Disinfectant and cleaner,Antiseptic and Disinfectant 30 LTR,295.0,GoGreen,gogreen,https://gogreen.com.sa/products/كرتون-مطهر-و-معقم-ضد-الجراثيم-12-حبة-500-مل,L,30.0,30.0,9.833333333333334
9/14/2025,Industrial facilities,Industrial facilities,U4-Broad-spectrum disinfectants for sanitizing work areas and break rooms ,Disinfectant and cleaner,Antiseptic and Disinfectant 12 Pcs X 500 ML,156.0,GoGreen,gogreen,https://gogreen.com.sa/products/كرتون-مطهر-و-معقم-ضد-الجراثيم-12-حبة-750-مل,ml,6000.0,6.0,26.0
9/14/2025,Industrial facilities,Industrial facilities,U4-Broad-spectrum disinfectants for sanitizing work areas and break rooms ,Disinfectant and cleaner,Antiseptic and Disinfectant 12 Pcs X 750 ML,192.0,GoGreen,gogreen,https://gogreen.com.sa/products/مطهر-و-معقم-ضد-الجراثيم-5لتر,ml,9000.0,9.0,21.33333333333333
9/14/2025,Industrial facilities,Industrial facilities,U4-Broad-spectrum disinfectants for sanitizing work areas and break rooms ,Disinfectant and cleaner,Antiseptic and Disinfectant 5 LTR,65.0,GoGreen,gogreen,https://gogreen.com.sa/products/مطهر-و-معقم-ضد-الجراثيم-4حبة-5xلتر,L,5.0,5.0,13.0
9/14/2025,Industrial facilities,Industrial facilities,U4-Broad-spectrum disinfectants for sanitizing work areas and break rooms ,Disinfectant and cleaner,Antiseptic and Disinfectant 4x5 LTR,220.0,GoGreen,gogreen,https://gogreen.com.sa/products/مطهر-و-معقم-ضد-الجراثيم-1,L,20.0,20.0,11.0
9/14/2025,Industrial facilities,Industrial facilities,U4-Broad-spectrum disinfectants for sanitizing work areas and break rooms ,Disinfectant and cleaner,Surface Cleaner and Disinfectant 4PcsX5 LTR,230.0,GoGreen,gogreen,https://gogreen.com.sa/products/مطهر-ومعقم-الاسطح,L,20.0,20.0,11.5
9/14/2025,Industrial facilities,Industrial facilities,U4-Broad-spectrum disinfectants for sanitizing work areas and break rooms ,Disinfectant and cleaner,"Cleaner, General Disinfectant, Lavender Perfume (4 gallon x 4 liter) BOX",80.0,Brand not found,officesupply,https://officesupply.sa/en/hygiene-supplies/04-apr/,L,16.0,16.0,5.0
9/14/2025,Industrial facilities,Industrial facilities,U4-Broad-spectrum disinfectants for sanitizing work areas and break rooms ,Disinfectant and cleaner,"Cleaner, General Disinfectant, Dettol Perfume (4 gallon x 4 liter) BOX",85.0,Brand not found,officesupply,https://officesupply.sa/en/hygiene-supplies/4-4-ar/,L,16.0,16.0,5.3125
9/14/2025,Industrial facilities,Industrial facilities,U4-Broad-spectrum disinfectants for sanitizing work areas and break rooms ,Disinfectant and cleaner,"Cleaner, General Disinfectant, Dettol Perfume (1 gallon x 4 liter)",25.0,Brand not found,officesupply,https://officesupply.sa/en/hygiene-supplies/cleaner-general-disinfectant-dettol-perfume-1-gallon-x-4-liter/,L,4.0,4.0,6.25
9/14/2025,Industrial facilities,Industrial facilities,U4-Broad-spectrum disinfectants for sanitizing work areas and break rooms ,Disinfectant and cleaner,"Cleaner, General Disinfectant, Flowers Perfume (1 gallon x 4 liter)",25.0,Brand not found,officesupply,https://officesupply.sa/en/hygiene-supplies/cleaner-general-disinfectant-flowers-perfume-1-gallon-x-4-liter/,L,4.0,4.0,6.25
9/14/2025,Industrial facilities,Industrial facilities,U4-Broad-spectrum disinfectants for sanitizing work areas and break rooms ,Disinfectant and cleaner,"Cleaner, General Disinfectant, Flowers Perfume (4 gallon x 4 liter) BOX",80.0,Brand not found,officesupply,https://officesupply.sa/en/hygiene-supplies/cleaner-general-disinfectant-flowers-perfume-4-gallon-x-4-liter-box/,L,16.0,16.0,5.0
9/14/2025,Industrial facilities,Industrial facilities,U4-Broad-spectrum disinfectants for sanitizing work areas and break rooms ,Disinfectant and cleaner,"Cleaner, General Disinfectant, Lavender Perfume (1 gallon x 4 liter)",25.0,Brand not found,officesupply,https://officesupply.sa/en/hygiene-supplies/01-apr/,L,4.0,4.0,6.25
9/14/2025,Industrial facilities,Industrial facilities,U5-Restroom air freshener,Air freshener,Flower Magic Air and Fabric Freshener - 500ml Bottle,15.0,Brand not found,officesupply,https://officesupply.sa/en/hygiene-supplies/air-and-fabric-fresheners/flower-magic-air-and-fabric-freshener/,ml,500.0,0.5,30.0
9/14/2025,Industrial facilities,Industrial facilities,U5-Shower and tile cleaner,"Toilet, shower and tile cleaner","Cleaner, Bathroom Cleaner (1 bottle x 1000 ml)",12.0,Brand not found,officesupply,https://officesupply.sa/en/hygiene-supplies/cleaner-bathroom-cleaner-1-bottle-x-1000-ml/,ml,1000.0,1.0,12.0
9/14/2025,Industrial facilities,Industrial facilities,U5-Shower and tile cleaner,"Toilet, shower and tile cleaner","Cleaner, Bathroom Cleaner (12 bottle x 1000 ml) BOX",120.0,Brand not found,officesupply,https://officesupply.sa/en/hygiene-supplies/cleaner-bathroom-cleaner-12-bottle-x-1000-ml-box/,ml,12000.0,12.0,10.0
9/14/2025,Industrial facilities,Industrial facilities,U6-Heavy-duty degreaser for machinery and equipment,Degreaser,Degrease and Multi-Purpose 4x5LTR,225.0,GoGreen,gogreen,https://gogreen.com.sa/products/مزيل-الشحوم-و-متعدد-الاستخدامات-5-لتر,L,20.0,20.0,11.25
9/14/2025,Industrial facilities,Industrial facilities,U6-Heavy-duty degreaser for machinery and equipment,Degreaser,Degrease and Multi-Purpose 5LTR,70.0,GoGreen,gogreen,https://gogreen.com.sa/products/كرتون-مزيل-الشحوم-و-متعدد-الاستخدامات-12حبة-1xلتر,L,5.0,5.0,14.0
9/14/2025,Industrial facilities,Industrial facilities,U6-Heavy-duty degreaser for machinery and equipment,Degreaser,Degrease and Multi-Purpose 12PcsX1 LTR,180.0,GoGreen,gogreen,https://gogreen.com.sa/products/بخاخ-مزيل-الشحوم-و-متعدد-الاستخدامات,L,12.0,12.0,15.0
9/14/2025,Industrial facilities,Industrial facilities,U6-Heavy-duty degreaser for machinery and equipment,Degreaser,Degrease and Multi-Purpose 30 LTR,185.0,GoGreen,gogreen,https://gogreen.com.sa/products/مزيل-الشحوم-و-متعدد-الاستخدامات,L,30.0,30.0,6.166666666666667
9/14/2025,Industrial facilities,Industrial facilities,U6-Stainless steel polish,Stainless steel cleaner,Box Metal and stainless-steel cleaner and polisher 12 Pcs X 1 LTR,180.0,GoGreen,gogreen,https://gogreen.com.sa/products/كرتون-منظف-و-ملمع-المعادن-و-الستانلس-ستيل-12-حبة-في-1-لتر,L,12.0,12.0,15.0
9/14/2025,Industrial facilities,Industrial facilities,U6-Stainless steel polish,Stainless steel cleaner,"Cleaner, Stainless Steel Cleaner & Polisher (1 bottle x 700 ml)",20.0,Brand not found,officesupply,https://officesupply.sa/en/hygiene-supplies/cleaner-stainless-steel-cleaner-and-polisher-1-bottle-x-700-ml/,ml,700.0,0.7,28.571428571428573
9/14/2025,Industrial facilities,Industrial facilities,U8-Degreaser for food service areas,Degreaser,Degrease and Multi-Purpose 4x5LTR,225.0,GoGreen,gogreen,https://gogreen.com.sa/products/مزيل-الشحوم-و-متعدد-الاستخدامات-5-لتر,L,20.0,20.0,11.25
9/14/2025,Industrial facilities,Industrial facilities,U8-Degreaser for food service areas,Degreaser,Degrease and Multi-Purpose 5LTR,70.0,GoGreen,gogreen,https://gogreen.com.sa/products/كرتون-مزيل-الشحوم-و-متعدد-الاستخدامات-12حبة-1xلتر,L,5.0,5.0,14.0
9/14/2025,Industrial facilities,Industrial facilities,U8-Degreaser for food service areas,Degreaser,Degrease and Multi-Purpose 12PcsX1 LTR,180.0,GoGreen,gogreen,https://gogreen.com.sa/products/بخاخ-مزيل-الشحوم-و-متعدد-الاستخدامات,L,12.0,12.0,15.0
9/14/2025,Industrial facilities,Industrial facilities,U8-Degreaser for food service areas,Degreaser,Degrease and Multi-Purpose 30 LTR,185.0,GoGreen,gogreen,https://gogreen.com.sa/products/مزيل-الشحوم-و-متعدد-الاستخدامات,L,30.0,30.0,6.166666666666667
9/14/2025,Industrial facilities,Industrial facilities,U8-Degreaser for food service areas,Degreaser,"Cleaner, Oil Degreaser  (1 bottle x 1 liter)",13.0,Brand not found,officesupply,https://officesupply.sa/en/hygiene-supplies/cleaner-oil-degreaser-1-bottle-x-1-liter/,L,1.0,1.0,13.0
9/14/2025,Industrial facilities,Industrial facilities,U8-Food-safe surface sanitizers,Disinfectant and cleaner,Surface Cleaner and Disinfectant 4PcsX5 LTR,230.0,GoGreen,gogreen,https://gogreen.com.sa/products/مطهر-ومعقم-الاسطح,L,20.0,20.0,11.5
9/14/2025,Industrial facilities,Industrial facilities,U8-Food-safe surface sanitizers,Disinfectant and cleaner,"Cleaner, Surface Sanitizer (1 bottle x 700 ml)",14.0,Brand not found,officesupply,https://officesupply.sa/en/hygiene-supplies/cleaner-surface-sanitizer-1-bottle-x-700-ml/,ml,700.0,0.7,20.0
9/14/2025,Industrial facilities,Industrial facilities,U8-Food-safe surface sanitizers,Disinfectant and cleaner,"Cleaner, Food Table Sanitizer (1 bottle x 1000 ml)",16.0,Brand not found,officesupply,https://officesupply.sa/en/hygiene-supplies/cleaner-food-table-sanitizer-1-bottle-x-1000-ml/,ml,1000.0,1.0,16.0
9/14/2025,Industrial facilities,Industrial facilities,U8-Grill cleaner,Degreaser,"Cleaner, Oven & Grill Cleaner, (1 gallon x 4 liter)",60.0,Brand not found,officesupply,https://officesupply.sa/en/hygiene-supplies/cleaner-oven-and-grill-cleaner-1-gallon-x-4-liter/,L,4.0,4.0,15.0
9/14/2025,Industrial facilities,Industrial facilities,U8-Oven and appliance cleaner,Degreaser,Oven kitchen Cleaner 12PcsX1 LTR,144.0,GoGreen,gogreen,https://gogreen.com.sa/products/منظف-أفران-المطابخ,L,12.0,12.0,12.0
9/14/2025,Industrial facilities,Industrial facilities,U10-Air freshener,Air freshener,Flower Magic Air and Fabric Freshener - 500ml Bottle,15.0,Brand not found,officesupply,https://officesupply.sa/en/hygiene-supplies/air-and-fabric-fresheners/flower-magic-air-and-fabric-freshener/,ml,500.0,0.5,30.0
9/14/2025,Industrial facilities,Industrial facilities,U14-HVAC system cleaner,Disinfectant and cleaner,Air Conditioner and Coil Cleaner 4 PCS X 4LTR,460.0,GoGreen,gogreen,https://gogreen.com.sa/products/منظف-داخلي-وخارجي-لوحدة-التكييف-1,L,16.0,16.0,28.75
9/14/2025,Industrial facilities,Industrial facilities,U14-HVAC system cleaner,Disinfectant and cleaner,Air Conditioner and Coil Cleaner  5LTR,130.0,GoGreen,gogreen,https://gogreen.com.sa/products/منظف-داخلي-وخارجي-لوحدة-التكييف-2,L,5.0,5.0,26.0
9/14/2025,Industrial facilities,Industrial facilities,U14-HVAC system cleaner,Disinfectant and cleaner,Air Conditioner and Coil Cleaner 20 LTR,440.0,GoGreen,gogreen,https://gogreen.com.sa/products/منظف-داخلي-وخارجي-لوحدة-التكييف,L,20.0,20.0,22.0
9/14/2025,Industrial facilities,Industrial facilities,U16-Fabric refresher,Fabric refresher,Oud Majestic Air and Fabric Freshener - 500ml Bottle | unbranded,15.0,Brand not found,officesupply,https://officesupply.sa/en/hygiene-supplies/air-and-fabric-fresheners/oud-majestic-air-and-fabric-freshener/,ml,500.0,0.5,30.0
9/14/2025,Industrial facilities,Industrial facilities,U16-Fabric refresher,Fabric refresher,Fruity Air and Fabric Freshener (1 Bottle x 500ml),15.0,Brand not found,officesupply,https://officesupply.sa/en/hygiene-supplies/air-and-fabric-fresheners/fruity-air-and-fabric-freshener/,ml,500.0,0.5,30.0
9/14/2025,Industrial facilities,Industrial facilities,U16-Fabric refresher,Fabric refresher,Vanilla Air and Fabric Freshener - 500ml Bottle,15.0,Brand not found,officesupply,https://officesupply.sa/en/hygiene-supplies/air-and-fabric-fresheners/vanilla-air-and-fabric-freshener/,ml,500.0,0.5,30.0
9/14/2025,Industrial facilities,Industrial facilities,U16-Fabric refresher,Fabric refresher,Wild Raspberry Air and Fabric Freshener - Bulk Box (12 Bottles x 500ml),150.0,Brand not found,officesupply,https://officesupply.sa/en/hygiene-supplies/air-and-fabric-fresheners/wild-raspberry-air-and-fabric-freshener-bulk-box/,ml,6000.0,6.0,25.0
9/14/2025,Industrial facilities,Industrial facilities,U16-Fabric refresher,Fabric refresher,Spring Air and Fabric Freshener- 500ml Bottle,15.0,Brand not found,officesupply,https://officesupply.sa/en/hygiene-supplies/air-and-fabric-fresheners/spring-air-and-fabric-freshener/,ml,500.0,0.5,30.0
9/14/2025,Industrial facilities,Industrial facilities,U16-Fabric refresher,Fabric refresher,French Lavender Air & Fabric Freshener-500ml Bottle,15.0,Brand not found,officesupply,https://officesupply.sa/en/hygiene-supplies/air-and-fabric-fresheners/french-lavender-air-fabric-freshener/,ml,500.0,0.5,30.0
